2654 4830
216 320 262 403 lia
385 321 453 387 JO.
479 320 821 388 FREINSHEMII
851 321 1101 389 SUPPLEM.

214 440 331 506 consul
340 439 510 522 jussus,in
524 461 602 527 agro
617 439 800 527 placentino
816 439 903 505 diem
914 438 1012 504 edicit
1020 436 1198 503 militibus:
1208 438 1277 504 inde

215 565 275 630 per
292 543 502 629 Apenninum
522 540 612 604 ducit
635 541 670 602 in
698 541 861 628 Oxybios,
882 541 1060 628 castrisque
1084 539 1127 604 ad
1153 560 1277 604 amnem

214 645 382 730 Apronem
394 644 524 737 positis,
543 641 719 705 adventum
730 642 876 705 bostium
888 656 1068 729 exspectat,
1085 662 1278 705 concurrere

215 745 303 808 enim
314 745 403 824 illos,
414 760 448 807 et
457 744 585 807 obviam
598 743 751 807 Romanis
761 744 881 824 ituros,
894 743 979 806 fama
992 744 1121 807 tulerat.
1136 741 1278 823 Deinde,

213 845 272 908 ubi
288 867 357 908 rem
371 844 494 908 diutius
508 843 590 908 trahi
603 842 706 925 videt,
719 844 817 907 motis
829 845 870 908 ab
882 845 1012 932 Aprone
1028 844 1165 924 castris,
1179 842 1279 932 Egit·
1316 894 1319 957 Ι

215 967 290 1008 nam
307 944 493 1025 contendit,
509 961 541 1009 et
555 944 636 1009 urbe
654 946 794 1033 pervim
810 948 950 1034 potitus,
965 947 1116 1010 homiues
1133 946 1172 1009 in
1184 968 1279 1013 seru·
1316 982 1319 1035 2

215 1062 319 1112 tutem
330 1046 464 1135 redigit,
476 1063 623 1111 auctores
635 1047 791 1111 violandae
802 1048 972 1137 legationis
985 1049 1112 1112 vinctos
1126 1046 1208 1112 duci
1220 1049 1280 1112 Ilo-
1317 1042 1319 1079 ²

215 1170 300 1212 mam
317 1149 420 1227 jubet.

257 1251 379 1316 XXXI.
393 1250 451 1314 His
464 1251 507 1313 ita
518 1251 634 1339 gestis,
645 1249 731 1312 bosti
746 1248 893 1338 procedit
904 1249 1050 1331 obviam,
1064 1249 1124 1314 ubi
1138 1248 1279 1339 Oxybio·

211 1375 286 1419 rum
296 1354 502 1432 juventutem
517 1350 700 1415 consedisse
711 1367 886 1439 acceperat.
903 1351 953 1414 Illi
967 1351 1033 1429 jam
1049 1349 1092 1414 ad
1107 1351 1278 1415 homiuum

212 1455 311 1520 millia
327 1471 468 1543 quatuor
484 1469 718 1533 convenerant,
733 1453 881 1516 nondum
898 1451 1057 1532 adjunctis
1070 1451 1277 1532 Deoeatibus,
1316 1520 1319 1557 1

209 1577 367 1620 numerus
385 1555 426 1619 ad
446 1554 674 1619 sustinendum
697 1555 901 1618 consularem
919 1554 1098 1618 exercitum
1122 1575 1276 1643 perquam
1316 1560 1319 1611 1

210 1659 370 1746 exiguus:
384 1656 441 1720 sed
457 1656 654 1744 desperatio,
668 1657 785 1746 placari
799 1658 963 1722 Romanos
980 1671 1056 1744 post
1070 1655 1274 1721 commissum

211 1761 245 1824 in
263 1761 387 1848 legatos
404 1759 529 1823 facinus
546 1780 659 1846 posse,
674 1759 708 1822 in
725 1781 796 1823 eam
813 1759 987 1822 amentiam
1002 1757 1157 1846 adegerat
1170 1757 1274 1821 effera·

153 1944 161 1959 κ
209 1876 277 1939 tos,
293 1876 347 1940 ut,
360 1882 428 1922 non
444 1875 628 1947 exspectato
644 1860 807 1923 sociorum
824 1859 963 1941 auxilio,
982 1858 1021 1922 ad
1042 1880 1191 1947 pugnam
1203 1878 1271 1923 con·

212 1978 261 2026 tra
272 1962 436 2025 Romanos
449 1960 689 2049 egrederentur.
703 1960 937 2047 Commovebat
950 1960 1120 2024 consulem
1136 1959 1270 2027 hosdan

211 2062 361 2143 audacia;
381 2062 438 2126 sed
460 2063 550 2126 nulla
568 2063 704 2126 omnino
729 2063 854 2126 ratione
874 2059 1089 2124 temeritatem
1108 2059 1206 2125 istam
1220 2056 1269 2123 uiti
1318 2114 1319 2121 ,

211 2162 342 2246 videns,
357 2181 394 2228 ut
408 2181 476 2227 erat
491 2165 540 2227 vir
558 2165 703 2227 militaris
719 2165 766 2228 rei
782 2165 923 2253 peritus,
939 2178 972 2226 et
988 2162 1121 2251 ingenio
1148 2158 1269 2227 mirifice

211 2288 320 2356 sagax,
335 2283 420 2330 certa
437 2289 513 2330 cum
530 2289 586 2353 spe
602 2266 743 2329 victoriae
757 2282 871 2330 contra
888 2264 999 2329 educit
1011 2265 1115 2328 aciem
1136 2263 1268 2329 :cobor-

211 2386 362 2457 tatusque
380 2391 440 2455 pro
467 2384 614 2455 tempore
639 2369 795 2449 militem,
815 2370 899 2432 111111
910 2389 1010 2456 passu
1027 2369 1062 2429 in
1077 2366 1196 2430 hostem
1217 2366 1269 2440 in';

209 2470 322 2535 deirtde
329 2519 339 2551 ,
353 2470 409 2533 ubi
421 2473 559 2533 conanus
574 2484 704 2533 veritum
718 2484 794 2533 esset
802 2519 812 2549 ,
832 2473 988 2534 acerrima
1001 2470 1198 2556 inpressione
1214 2478 1270 2530 111·

209 2573 282 2636 bari
298 2572 433 2635 hostium
453 2573 688 2658 antesignanos,
706 2573 809 2653 jubet.
835 2571 988 2636 Salutaris
1007 2570 1076 2633 haec
1098 2566 1270 2634 admonitio

207 2675 271 2738 Iuit
285 2697 292 2738 :
307 2675 360 2737 rix
377 2673 521 2760 primum
542 2672 702 2759 impetum
720 2674 822 2737 tulere
839 2674 970 2753 hostes,
989 2671 1067 2735 inde
1086 2671 1192 2735 effusa
1205 2671 1271 2758 Iuga

209 2792 383 2840 cesserunt.
395 2778 530 2861 Jamque
539 2776 709 2856 Deceates,
721 2791 757 2837 ut
770 2797 878 2838 serum
889 2788 964 2861 post
972 2770 1097 2837 cladem
1106 2771 1271 2848 auxilium,

210 2879 254 2940 ita
272 2877 470 2965 fugientibus
491 2898 557 2938 non
582 2876 697 2938 inutile
721 2873 925 2962 praesidium,
948 2872 1093 2938 aderant.
1117 2873 1204 2936 Cum
1228 2870 1273 2935 his

208 3002 341 3068 quoque
363 2979 509 3067 praelium
527 2978 694 3065 aliquanto
712 2976 928 3065 pertinacius,
945 2974 1003 3038 sed
1018 2989 1140 3036 eventu
1156 2971 1274 3050 simile,

209 3083 282 3146 fuit
293 3081 378 3145 Victi
395 3103 494 3167 seque
519 3095 551 3143 et
569 3079 731 3146 civitatem
748 3077 824 3142 fidei
842 3078 1067 3141 Romanorum
1090 3076 1274 3164 permisere.

210 3184 333 3249 Consul
343 3205 382 3245 ex
391 3204 468 3269 agro
479 3196 574 3268 capto
584 3178 761 3266 deditoque
771 3201 869 3266 quam
880 3179 989 3265 potuit
998 3176 1180 3264 plurimum
1196 3197 1276 3241 mas·
1317 3178 1319 3189 '

208 3285 328 3349 siliensi
338 3284 460 3371 populo
472 3280 578 3345 dedit:
591 3296 693 3368 utque
707 3279 869 3345 securitati
882 3301 996 3342 eorum
1007 3279 1104 3341 etiam
1121 3278 1156 3341 in
1174 3293 1277 3366 poste·

208 3409 284 3449 rum
302 3384 502 3464 consuleret,
517 3381 646 3447 obsides
668 3382 825 3471 Ligurum
845 3382 893 3444 ire
912 3381 1105 3462 Massiliam,
1122 3381 1278 3469 statisque

207 3485 409 3574 temporibus
435 3486 609 3572 permutari
633 3507 651 3547 a
674 3484 756 3566 suis,
775 3483 955 3570 imperavit.

254 3588 392 3652 XXXII.
410 3585 648 3672 lussisdeinde
670 3586 753 3649 tradi
772 3586 869 3650 armis
895 3584 1066 3663 omnibus,
1081 3599 1115 3646 et
1135 3585 1184 3648 sic
1200 3607 1280 3649 oon·

208 3693 294 3754 fecto
309 3690 411 3770 bello,
423 3690 598 3753 exercitum
609 3686 804 3751 hibernandi
819 3709 914 3750 causa
925 3708 985 3772 per
995 3683 1117 3772 oppida
1133 3685 1280 3772 Oxybio·

207 3816 281 3855 rum
301 3794 544 3878 Deceatumque
563 3788 681 3854 divisit.
703 3790 745 3870 Q.
763 3789 895 3877 Opimio
918 3787 959 3852 ad
973 3787 1095 3851 bellum
1110 3787 1281 3875 profecto,

208 3896 345 3958 Romam
357 3894 475 3957 iterum
486 3892 677 3957 Ptolemaeus
688 3891 915 3955 Philometoris
928 3892 1026 3954 frater
1042 3889 1152 3953 venit:
1167 3907 1280 3956 osten·

243 4080 259 4146 3
272 4082 357 4130 XXX.
373 4078 460 4144 Polyb.
475 4080 535 4129 Exc.
546 4081 603 4146 Ing.
616 4079 673 4134 131.
684 4104 719 4116 -·
732 4076 861 4142 511Χ111.
874 4075 963 4141 Polyb.
975 4102 1010 4114 -
1020 4073 1084 4125 Livii
1095 4071 1164 4139 Epir.
