2654 4830
214 309 260 390 ad
285 306 356 374 10.
376 306 577 375 FREINS.
600 306 734 375 SUPP.
754 306 810 375 IN
830 306 942 375 LOC.
963 307 1058 374 LIB.
1081 307 1226 376 XLvl:

213 426 321 492 diores
336 450 485 515 quosque
496 428 579 491 circa
593 428 712 491 lectum
725 426 896 491 funebrem
909 425 1079 490 ambitiose
1093 424 1280 516 diligentes:

213 530 411 617 sequebatur
432 531 528 595 turba
549 529 737 611 seniorum,
753 546 786 593 et
808 550 927 618 magno
945 550 1021 593 cum
1039 527 1163 593 allecto
1180 552 1280 595 servs·

216 648 321 695 torem
339 654 404 696 suae
421 632 559 718 quisque
584 631 693 717 patriae
709 647 950 720 patronumque
965 628 1156 718 appellabat.
1178 632 1281 714 Quem

215 734 304 797 enim
329 748 490 797 armatum
507 747 773 822 pugnantemque
795 732 905 795 hostes
925 731 970 794 ob
991 732 1147 796 virtutem
1167 734 1281 797 timue·

215 849 304 909 rant,
316 833 469 897 eumdem
482 833 516 896 in
528 855 608 920 pace
617 832 693 897 victi
706 834 749 897 oh
757 832 915 913 justitiam
927 831 1185 922 gravitatemque
1197 834 1281 899 baud

217 936 326 999 minus
340 935 501 999 amabant.
862 940 865 945 '

260 1040 379 1103 XLIII.
397 1038 564 1103 Funebres
584 1037 707 1126 parenti
724 1034 818 1099 ludos
834 1036 876 1118 Q.
888 1050 922 1098 et
933 1035 970 1099 P.
979 1034 1148 1099 AEmiliani
1159 1037 1278 1101 fecere:

217 1159 360 1225 quorum
375 1139 513 1204 alterum
530 1139 563 1201 in
584 1138 734 1217 Fabiam,
747 1137 884 1201 alterum
899 1159 933 1199 m
950 1136 1135 1200 Corneliam
1155 1154 1280 1227 gentem

216 1239 420 1328 adoptandos
441 1241 585 1305 dederat.
610 1238 770 1303 Heredem
791 1256 970 1328 utrumque
988 1240 1163 1327 reliquerat
1179 1258 1281 1330 pater,

217 1340 276 1406 sed
294 1344 329 1406 P.
353 1343 461 1430 Scipio
476 1344 543 1423 jam
568 1358 640 1406 tum
663 1343 697 1405 in
716 1365 753 1405 ea
770 1357 862 1407 aetate
884 1363 1079 1432 generosum
1101 1360 1281 1408 monstrans

218 1442 383 1523 animum,
395 1443 489 1522 cujus
498 1466 577 1506 mox
586 1443 690 1532 gloria
698 1443 892 1530 praeoelluit,
903 1445 1069 1508 semissem
1079 1465 1180 1507 suum
1196 1443 1282 1509 fratri

218 1544 256 1609 C.
271 1544 371 1631 Fabio
381 1544 514 1626 adjecit,
529 1544 621 1632 quod
631 1545 699 1633 ipse
715 1545 749 1608 in
763 1543 913 1609 ditiorem
928 1545 1065 1609 domum
1079 1545 1218 1628 ascitus,
1230 1570 1282 1610 cu·

217 1647 327 1735 piebat
341 1646 435 1711 illum
453 1646 616 1711 familiaris
639 1648 686 1709 rei
709 1646 811 1733 copiis
833 1646 895 1709 sibi
922 1645 1092 1733 exaequati.
1118 1646 1190 1710 Nec
1213 1646 1287 1712 ideo

219 1749 328 1813 minus
342 1750 377 1812 in
393 1746 528 1812 edendis
544 1746 791 1837 gladiatoribus,
811 1769 852 1810 ne
868 1762 1002 1834 sumptu
1018 1746 1116 1810 frater
1128 1745 1288 1811 obruere·

218 1864 290 1931 tur,
308 1849 477 1914 dimidiam
494 1850 565 1929 ejus
586 1865 726 1937 partem,
743 1847 784 1911 ad
809 1848 907 1912 millia
933 1869 1107 1911 nummum
1131 1845 1300 1933 quadrin-

218 1967 334 2039 genta,
350 1974 390 2015 ex
406 1975 465 2016 sua
482 1953 620 2040 pecunia
637 1950 788 2015 contulit.

205 2058 211 2072 ⁸
265 2054 378 2118 XLIV.
397 2055 472 2118 Haec
489 2072 522 2119 et
537 2054 598 2118 alia
613 2053 810 2117 liberalitatis
828 2051 1023 2141 specimina,
1040 2072 1112 2137 quae
1127 2051 1164 2114 in
1180 2048 1313 2114 affinio

221 2157 282 2219 bus
297 2172 329 2219 ct
341 2172 442 2219 matre
455 2155 615 2237 ediderat,
625 2156 659 2219 in
676 2155 772 2236 urbe,
785 2154 845 2217 ubi
858 2154 884 2215 si
898 2152 1048 2217 nondum
1064 2153 1214 2235 avaritia,
1223 2153 1318 2232 jau

218 2257 416 2344 parcimonia
432 2279 548 2345 magna
563 2274 648 2337 erat,
659 2254 808 2319 laudibus
825 2271 859 2318 et
869 2253 1082 2317 admiratione
1097 2253 1318 2319 adolescenae

220 2359 259 2423 tis
277 2358 387 2422 omnia
406 2360 626 2446 repleverunt.-
644 2359 712 2441 Qui
730 2371 918 2421 constanter
937 2354 1099 2419 inhaerens
1119 2357 1318 2445 proposito

219 2481 292 2540 suo,
303 2459 399 2546 paulo
408 2475 483 2548 post
495 2459 586 2541 noyis
596 2458 784 2522 rumoribus
794 2457 937 2544 priorem
947 2456 1067 2519 sauram
1075 2457 1318 2545 auxitquurn

219 2559 372 2662 defuncta
390 2575 491 2623 matre
509 2559 653 2648 Papiria,
677 2582 744 2622 non
760 2557 860 2621 modo
881 2579 921 2620 ex
938 2556 1109 2638 universo,
1130 2580 1200 2645 quo
1219 2574 1318 2623 estu

220 2660 414 2739 donaverat,
431 2660 522 2724 cultu
538 2661 659 2748 recepit
678 2659 774 2740 nihil;
797 2658 872 2738 sed,
898 2680 1087 2745 quanquam
1108 2658 1179 2745 ipse
1200 2661 1318 2725 solus

220 2760 314 2823 heres
337 2776 422 2842 erat,
445 2760 556 2824 omnia
580 2760 667 2824 bona
695 2777 839 2829 materna
858 2759 1019 2824 concessit
1041 2759 1231 2842 sororibus,
1251 2750 1318 2826 ad

220 2882 300 2948 quas
323 2861 411 2923 nulla
430 2885 503 2948 pars
520 2860 706 2927 hereditatis
723 2877 854 2950 recepto
867 2861 940 2942 jure
961 2862 1153 2950 pertinebat.
1167 2863 1240 2929 Sub
1257 2881 1318 2929 ea

220 2978 369 3049 tempora
377 2964 485 3052 magni
494 2963 613 3027 laboris
625 2985 815 3051 magnaeque
830 2964 923 3028 Iamoe
936 2986 1020 3052 opus
1034 2966 1152 3028 consul
1164 2964 1213 3031 Μ.
1228 2969 1318 3033 Ce‘

218 3065 336 3152 thegus
358 3064 508 3152 perfecit,
531 3064 664 3153 paludes
681 3065 870 3152 Pomptinas
889 3065 1090 3131 exsiccando.
1111 3068 1221 3133 Locus
1239 3070 1318 3135 ille

220 3166 299 3230 olim
317 3166 417 3229 trium
435 3182 467 3229 et
482 3166 596 3254 viginti
608 3166 741 3229 urbium
757 3166 857 3229 fuisse
874 3164 1038 3230 creditur:
1054 3166 1111 3230 ubi
1126 3182 1201 3231 tum
1219 3171 1318 3234 aniae

220 3290 314 3331 moso
332 3283 451 3331 conatu
469 3266 612 3331 consulis
626 3268 728 3331 lactus
746 3284 795 3330 est
808 3289 902 3356 ager,
914 3267 988 3331 laeto
1004 3266 1106 3356 magis
1118 3271 1319 3354 praesenti·-

220 3367 300 3450 bus,
316 3388 414 3454 quam
431 3368 466 3433 in
484 3368 614 3457 longam
630 3368 852 3454 posteritatem
868 3367 1023 3449 durabili,
1042 3367 1217 3434 beneficio.

254 3545 271 3611 s
287 3548 365 3595 mr.
380 3545 457 3594 Diod.
467 3545 533 3611 apud
542 3547 623 3596 vales.
633 3573 668 3585 -
681 3546 744 3595 Plut.
758 3547 784 3594 in
793 3546 874 3595 AEnail.
883 3563 906 3595 e.
915 3547 958 3608 67.
969 3574 1005 3584 -
1013 3546 1089 3596 Diod.
1100 3547 1210 3607 xm,
1224 3557 1250 3606 4.
1259 3565 1315 3587 -2

218 3627 336 3693 §mn
344 3630 418 3678 Titul.
429 3629 565 3694 Adelphor.
573 3632 671 3679 Terent.
682 3658 718 3667 —
731 3629 805 3679 Diod.
815 3642 840 3679 et
850 3630 938 3698 Polyb.
949 3629 1016 3695 apud
1024 3630 1106 3679 Voles.
1116 3657 1153 3666 -
1166 3630 1310 3681 Plutamhn

218 3712 246 3761 in
261 3712 343 3761 AEmr'l.
356 3730 377 3761 o.
393 3714 418 3761 6.
436 3742 471 3750 -
485 3712 502 3777 S
514 3714 604 3762 xilv.
619 3713 695 3763 Diod.
706 3714 837 3781 -rotyn
851 3740 885 3752 -
899 3715 954 3762 aiv.
967 3714 1014 3780 Ep.
1027 3714 1119 3765 mr.
1130 3740 1167 3751 -
1178 3715 1303 3765 Bucinu-

220 3795 287 3860 apud
300 3795 365 3846 Plio.
380 3798 432 3857 111,
442 3813 477 3859 9.-

503 3978 1005 4019 ——ww--fflss
