2654 4830
287 330 341 401 m
370 329 485 399 noe.
511 328 606 397 ιιι.
634 328 757 397 ιιιι
786 327 1004 397 ιινιιιιι.
1121 310 1181 428 ἠ

108 453 270 532 hinem:
287 450 387 517 etiam
401 448 650 537 elephantorum
673 446 868 514 incendebat
888 449 1069 532 miseratio,
1093 454 1185 540 quod

108 553 248 644 egregias
258 551 391 632 hdluae,
405 572 550 638 rareque
562 551 792 638 possessionis,
807 549 938 616 domitae
950 551 1085 640 iusuper
1095 577 1187 619 nisu·
1221 610 1224 625 ,
1267 600 1273 607 .

108 672 295 742 suamque,
311 653 417 735 nulla,
432 669 472 716 ut
484 649 660 740 putabant,
680 651 722 717 de
734 674 832 717 causa
843 650 1108 720 concidebantur.
1120 659 1186 722 lta·
1272 656 1276 663 ’

111 780 175 845 que
191 779 264 821 nou
280 753 456 821 difficulter
471 754 597 819 inducti
611 754 702 842 Syri,
718 778 799 844 gens
814 756 885 820 heta
898 755 1129 842 seditionibus,
1148 778 1188 825 ut

111 859 280 925 Romanos
299 857 473 939 ejicerent,
494 857 554 921 Cn.
574 857 746 921 Octavium
762 859 861 922 etiam
877 857 1115 942 interficerent3
1132 865 1186 926 oui

114 959 298 1040 laodicen,
310 957 393 1023 dum
405 958 438 1021 in
452 959 622 1046 gymnasio
639 958 792 1047 ungitur,
807 959 961 1045 Leptines
973 961 1107 1047 quidam
1119 984 1187 1028 ma·

119 1081 176 1125 uus
190 1061 311 1125 attulit
326 1060 455 1150 Lysias,
471 1059 514 1124 ad
534 1058 801 1124 dissimulandam
817 1060 988 1143 facinoris,
1005 1064 1099 1144 cujus
1118 1066 1187 1154 ipse

122 1161 299 1250 precipuus
310 1177 427 1227 auctor
440 1161 621 1240 ferebatur,
632 1161 862 1225 conscientiam
871 1207 881 1241 ,
891 1176 924 1224 et
934 1163 1107 1229 Octavium
1125 1188 1189 1230 ms·

128 1261 236 1350 grilion
256 1262 377 1327 funere
400 1262 535 1344 extruit,
557 1260 652 1326 etad
674 1259 883 1350 purgandum
908 1263 1031 1327 crimen
1055 1269 1190 1332 nomine

129 1365 333 1454 ttpslsqam
343 1362 507 1451 evestigio
519 1363 609 1426 misit
616 1365 766 1426 Romam.
780 1363 807 1425 li
821 1385 926 1449 quum
938 1366 1048 1428 multis
1063 1368 1188 1451 verbis,

133 1465 200 1529 nilt'l
213 1465 344 1554 prdsldeo
363 1464 496 1527 cornilio
514 1476 640 1547 gestum
657 1484 737 1542 esse,
759 1461 1025 1544 contendissent,
1046 1466 1117 1531 siue
1136 1492 1190 1532 re-

136 1586 238 1652 sponso
250 1563 377 1630 dimissi
389 1579 477 1628 sunt.
490 1564 552 1627 Cn.
564 1562 813 1650 Octavio,quod
816 1586 877 1650 pro
888 1565 1049 1652 republica
1059 1584 1191 1634 mortem

106 1732 108 1751 Ι
138 1668 266 1752 opunte
283 1649 469 1743 videretur,
492 1677 632 1726 statuum
651 1663 687 1725 in
704 1664 845 1744 Rostris,
868 1665 943 1729 loco
959 1667 1191 1753 celeberrimo,

141 1765 421 1841 mmsdecrerit.
797 1755 801 1765 ’

173 1870 272 1937 XXX.
294 1869 366 1935 Neo
387 1865 527 1931 Romani
548 1879 676 1931 tautum
698 1866 934 1930 succensebant
955 1869 1062 1956 Syris,
1081 1872 1139 1936 sed
1155 1875 1191 1937 in

145 1984 308 2037 uterorum
325 1991 459 2057 quoque
475 1966 642 2031 mentibus
656 1965 840 2029 immanitas
853 1967 900 2029 rei
913 1970 1098 2035 conciverat
1108 1974 1193 2038 indi·

146 2072 320 2157 godonem„
346 2071 438 2135 luter
464 2091 548 2155 quos
575 2065 758 2153 praecipuus
784 2065 968 2132 Ariarathes
996 2070 1191 2159 Cappadox,

148 2189 241 2255 preter
261 2173 396 2238 insitum
421 2169 546 2234 virtutis
569 2189 730 2248 amorem,
753 2165 964 2255 studiumque
980 2170 1014 2232 in
1032 2177 1193 2261 populum

150 2290 318 2354 rontnum,
339 2273 436 2337 etiam
460 2269 598 2334 amicitia
623 2269 745 2356 privum
771 2269 979 2352 movebatur,
1001 2296 1099 2360 quam
1117 2301 1193 2341 cum

150 2369 260 2441 Octavio
282 2377 319 2440 iu
337 2374 426 2463 regia
448 2395 506 2437 suu
528 2387 742 2437 contraxerat
764 2371 849 2452 Quia
872 2388 1001 2456 tamen,
1024 2377 1135 2466 legatis
1154 2379 1196 2445 ad

150 2492 264 2559 puerum
277 2474 480 2543 Antiochum
495 2473 617 2553 missis,
635 2472 745 2535 matris
762 2495 828 2536 sue
841 2476 1026 2562 sororisque
1044 2479 1194 2567 reliquias

150 2579 307 2664 repetebar,
323 2577 431 2641 alieno
446 2591 592 2662 tempore
607 2574 734 2661 Lysiam
748 2573 916 2637 offendere
931 2576 1064 2657 timens,
1081 2601 1193 2644 earum

149 2696 235 2745 tetum
251 2677 454 2745 mentionem
469 2699 487 2740 a
502 2676 570 2742 suis
584 2674 653 2739 fieri
668 2676 781 2740 vetuit
796 2678 955 2739 Ceterum
972 2679 1060 2742 haud
1079 2681 1196 2746 obscu-

148 2798 204 2846 nuu
222 2782 293 2861 ejus
312 2778 473 2860 judicium
496 2764 584 2857 erat,¹
607 2799 711 2864 quum
736 2777 849 2863 populi
872 2780 998 2840 romani
1020 2782 1194 2846 amicitiam

145 2880 260 2967 plurimi
280 2883 423 2948 laceret·
442 2882 487 2946 ita
506 2880 657 2994 quidem,
676 2897 713 2942 ut
729 2880 790 2942 sub
806 2879 892 2942 idem
913 2881 980 2944 lere
1002 2899 1129 2973 tempus
1143 2910 1196 2951 re·

143 2986 225 3051 tersis
231 3007 337 3074 ,quos
351 2985 489 3048 Romam
501 2982 631 3045 miserat
636 2981 785 3069 ,legatis,
797 2998 1046 3070 promptamque
1061 2988 1193 3053 Patrum

139 3085 534 3177 ergaregemvoluntatem
545 3082 777 3162 referentibus,
787 3083 945 3146 honorem
959 3085 1195 3172 hahueritdiis,

137 3187 349 3276 nentesque
362 3209 482 3276 magno
495 3202 642 3275 peracto,
652 3207 727 3247 cum
739 3183 878 3247 ducibus
890 3186 957 3248 suia
972 3187 1116 3253 hilariter
1127 3192 1197 3255 fne-

132 3289 173 3355 rit
188 3289 348 3376 epulatus.

173 3392 296 3456 XXXI.
308 3393 397 3455 Dum
413 3389 507 3453 hec
498 3411 533 3450 ιιι
552 3387 621 3450 istis
636 3387 715 3449 locis
729 3386 830 3467 liunt,
845 3387 921 3451 alibi
936 3410 1068 3476 quoque
1081 3412 1197 3477 parum

127 3492 311 3580 tranquillas
325 3512 377 3556 res
392 3490 537 3555 fuerunt.
558 3486 776 3574 Calyndenses
792 3487 962 3551 obsidione
978 3490 1199 3573 Cauniorum,

122 3619 147 3665 a
161 3593 285 3684 quihus
300 3590 503 3671 defecerant,
517 3589 636 3679 pressi,
651 3611 668 3651 a
683 3587 808 3650 Cnidiis
824 3589 942 3651 auxilio
959 3589 1130 3676 impetrato
1144 3592 1200 3654 ali·

124 3692 289 3785 quamdiu
311 3691 526 3756 restiterunt:
549 3689 685 3770 deinde,
707 3690 858 3752 timentes
881 3689 922 3752 de
940 3691 1029 3754 exitu
1051 3691 1146 3773 belli,
1165 3695 1200 3755 ni

160 3919 179 3986 s
197 3919 300 3968 mx.
315 3917 382 3966 Fasti
394 3916 501 3980 Capitol.
517 3942 552 3953 -
565 3916 673 3980 Appirn.
687 3916 779 3978 Syriae.
794 3941 829 3952 —-
847 3919 933 3964 Zonar.
948 3942 985 3954 —
996 3918 1047 3966 Jul.
1060 3919 1151 3983 Obseq.
1166 3945 1201 3957 ..

124 4003 221 4071 Polyh-
232 4004 350 4067 bearpt.
362 4003 448 4064 legat.
457 4008 514 4056 ut·
526 4025 558 4036 -
573 3999 626 4048 Cic.
641 3999 750 4062 Philipp.
763 4000 814 4056 lx,
829 4014 853 4046 a.
868 4024 903 4035 -—
920 4000 984 4049 Plin.
994 4002 1117 4060 xxm,
1130 4004 1154 4049 6.
1166 4029 1201 4038 κ-

122 4086 246 4155 sm.
258 4085 347 4150 Polyb.
361 4085 476 4148 llxottpt
488 4086 569 4146 Legat.
584 4096 642 4130 rra.
656 4109 692 4120 -
705 4081 780 4130 Diod.
792 4080 836 4128 lih.
852 4083 949 4130 xxxt.

255 4184 317 4252 IX.
1013 4204 1033 4247 a
