2654 4830
136 341 182 413 26
311 341 380 407 JO.
406 340 744 407 FREINSHEMII
776 342 1024 410 SUPPLEM.

142 546 169 610 1.
185 511 487 612 Menontnrnrs
504 544 569 606 hoc
583 564 671 606 anno
687 544 855 607 contentio
872 545 936 608 fuit
947 546 1034 610 inter
1048 547 1109 611 Cn.
1126 549 1200 612 Tre·

134 647 299 726 mellium,
316 646 487 708 tribunum
509 644 628 732 plebis,
645 662 678 709 et
693 646 739 709 M.
762 645 931 710 AEmilium
950 648 1128 735 Lepidum,
1148 652 1200 737 qui

40 767 44 773 ·
132 747 281 838 pontifex
296 748 454 809 maximus
466 762 543 809 erat.
561 748 676 835 ltaque
692 747 826 810 tribuno
843 749 1033 837 plebis,qui
1052 773 1130 814 cum
1146 754 1200 816 Le·

134 848 214 938 pido
242 848 398 927 injuriose
421 849 568 937 jurgatus
590 848 714 930 fuerat,
735 850 855 914 mulcta
883 850 987 932 dicta3
1010 854 1200 917 sacrosancti

135 950 341 1039 magistratus
358 948 555 1028 majestatem
572 974 738 1014 sacrorum
754 952 904 1017 vincente
921 955 1111 1019 reverentia.
1122 954 1199 1020 Ludi

138 1052 203 1115 hoc
219 1045 366 1138 'ternpore
385 1051 510 1114 romani
528 1074 546 1114 a
562 1051 602 1133 Q.
613 1052 743 1133 Fulvio,
754 1053 789 1116 L.
802 1052 925 1118 Marcio
942 1053 1089 1118 aedilibus
1105 1077 1198 1119 cauu-

132 1154 219 1218 libus
237 1153 313 1217 editi
332 1169 419 1216 sunt.
439 1154 558 1241 Legem
573 1151 613 1215 de
630 1153 768 1234 ambitu,
787 1177 858 1242 quae
875 1154 958 1219 circa
975 1156 1067 1220 hunc
1080 1178 1197 1221 aunum

133 1257 197 1320 lata
220 1256 340 1335 fertur,
359 1255 431 1342 quis
457 1254 583 1331 tulerit,
600 1254 707 1318 adhuc
726 1278 845 1342 quaero.
870 1259 906 1320 C.
929 1256 1120 1321 Cornelium
1141 1259 1196 1322 Cu.

133 1358 170 1420 F.
186 1358 245 1419 Cn.
259 1355 300 1419 N.
315 1354 594 1434 Dolabellam,aut
608 1356 653 1419 M.
668 1356 819 1420 Fulvium
834 1358 878 1421 Μ.
893 1358 930 1421 F.
943 1359 988 1422 M.
1001 1359 1041 1423 N.
1056 1359 1197 1424 Nobilio-

132 1478 202 1519 rem
218 1455 296 1545 legis
312 1471 479 1518 auctorem
505 1455 662 1519 exstitisse
683 1479 749 1519 non
767 1458 946 1522 absurdum
964 1477 1032 1540 est,
1052 1461 1112 1548 qui
1127 1483 1196 1549 pro·

132 1559 211 1622 ximi
228 1559 378 1622 consules
401 1558 502 1620 fuere.
526 1556 589 1620 Sed
612 1559 688 1644 quia
704 1559 934 1646 postmodum,
951 1561 1067 1642 credo,
1087 1561 1129 1625 de
1147 1584 1196 1626 eo·

24 1746 27 1751 γ
132 1660 207 1724 dem
233 1659 369 1724 crimine
388 1658 514 1745 plenius
533 1657 784 1748 diligentiusque
809 1677 941 1725 cautum
959 1678 1023 1743 est,
1046 1663 1194 1727 memoria

132 1762 318 1826 vetustioris
337 1761 415 1848 legis
432 1760 579 1825 exolevit.

177 1867 219 1929 ll.
233 1863 398 1928 Celebrior
409 1864 515 1927 multo
526 1885 662 1927 censura
677 1880 741 1944 est,
755 1887 853 1951 quarn
865 1865 916 1927 his
930 1865 1123 1929 consulibus
1134 1888 1193 1954 ges·

130 1989 200 2032 sere
216 1964 283 2028 duo
300 1964 465 2028 clarissimi
482 1965 541 2026 viri
552 1965 586 2027 P.
601 1966 771 2029 Cornelius
784 1967 820 2030 P.
835 1968 868 2030 F.
886 1969 945 2030 Cn.
958 1967 998 2031 N.
1011 1967 1122 2054 Scipio
1136 1968 1192 2032 Na·

131 2070 213 2148 sica,
234 2067 280 2131 M.
305 2067 448 2154 Popilius
470 2066 505 2129 P.
524 2066 560 2133 F.
590 2067 625 2129 P.
643 2067 683 2130 N.
705 2069 825 2131 Laenas.
848 2067 875 2129 li
895 2068 1035 2130 lustrum
1052 2068 1195 2132 fecerunt

131 2186 284 2257 quartum
299 2185 396 2256 atque
411 2168 738 2256 quinquagesimum:
754 2193 849 2233 censa
867 2185 945 2232 sunt
961 2169 1083 2233 civium
1097 2171 1197 2257 capita

129 2287 273 2336 trecenta
291 2269 405 2357 viginti
419 2285 494 2331 octo
514 2269 629 2350 millia,
647 2285 787 2334 trecenta
807 2269 1065 2358 quatuordecim.
1085 2272 1138 2337 Ab
1152 2271 1202 2335 his

129 2393 262 2457 quoque
286 2369 437 2457 princeps
458 2386 605 2452 senatus,
625 2371 670 2434 M.
688 2371 840 2436 AEmilius
864 2374 1012 2461 pontifex
1036 2375 1205 2438 maximus

126 2474 230 2537 lectus
245 2489 294 2535 est
305 2472 469 2559 quintum.
485 2474 638 2535 Censurae
653 2475 806 2538 severiter
817 2489 895 2547 actae
907 2474 971 2537 hoc
982 2496 1120 2561 quoque
1135 2496 1212 2539 mo·

125 2588 321 2638 numentum
332 2589 394 2652 est,
403 2571 492 2661 quod
501 2573 658 2659 sequitur.
671 2575 779 2661 Eques
790 2597 944 2637 romanus
954 2596 1060 2661 quum
1073 2592 1211 2663 equum

126 2675 302 2762 strigosum
310 2690 342 2736 et
350 2673 431 2735 male
441 2673 607 2753 habitum,
622 2674 689 2759 ipse
700 2676 830 2761 pinguis
842 2691 874 2735 et
885 2675 969 2735 benc
985 2691 1098 2738 curata
1110 2693 1213 2744 cute,

126 2774 331 2855 adduxisset,
345 2775 562 2861 interrogatus
579 2790 627 2837 est
640 2796 658 2835 a
673 2773 880 2854 censoribus,
896 2775 952 2860 qui
964 2772 1071 2857 fieret,
1085 2794 1125 2841 ut
1143 2778 1210 2843 do·

126 2877 237 2941 rninus
253 2899 339 2964 equo
356 2891 483 2938 tanturn
504 2891 586 2937 esset
603 2874 767 2938 habitior?
780 2879 885 2962 Atque
902 2874 973 2956 ille,
988 2906 1001 2930 ι
1013 2877 1206 2959 Quoniam,

125 2978 275 3064 «inquit,
288 3000 348 3067 ego
361 3000 412 3040 me
427 2999 522 3058 ουτος
535 2999 674 3064 equum,
684 2977 804 3040 Statius
816 2999 918 3040 meus.
927 3008 940 3031 ν
951 2976 992 3040 ld
1003 3000 1201 3067 responsum

126 3102 229 3169 quum
248 3102 363 3166 parum
379 3101 528 3142 reverens
545 3076 719 3158 videretur,
735 3093 864 3141 notatus
882 3078 936 3140 ille
950 3093 998 3141 est
1015 3102 1032 3142 a
1053 3083 1199 3148 censori·

126 3183 206 3263 bus,
223 3182 418 3267 amariusque
436 3180 549 3242 lactus.

168 3283 228 3347 111.
254 3281 468 3369 Horologium
494 3302 617 3342 novum
639 3281 672 3343 in
699 3280 866 3368 superiore
891 3303 1028 3344 censura
1053 3282 1196 3349 locatum

124 3384 231 3448 fuerat
241 3406 248 3446 :
260 3381 293 3445 id
304 3382 458 3469 quoniam
471 3381 546 3444 usui
559 3404 626 3443 non
637 3399 706 3446 erat
719 3399 868 3470 tempore
880 3383 1013 3464 nubilo,
1027 3384 1062 3449 P.
1074 3385 1197 3474 Scipio,

125 3484 234 3548 divisis
248 3483 413 3570 aequaliter
428 3483 531 3546 noctis
548 3505 585 3545 ac
600 3482 664 3546 diei
682 3484 792 3564 horis,
807 3484 1016 3573 horologium
1031 3487 1095 3550 sub
1113 3504 1198 3553 tecto

124 3585 303 3665 dedicavit,
316 3583 405 3671 quod
422 3582 550 3648 lluentis
569 3607 660 3671 aquae
677 3583 802 3648 indicio
823 3600 1009 3673 temporum
1029 3586 1201 3654 intervalla

124 3688 304 3758 metiretur.
322 3684 424 3748 Graeci
447 3686 650 3774 clepsydram
675 3687 887 3774 appellarunt.
913 3688 976 3752 Res
998 3688 1031 3751 in
1056 3691 1199 3779 speciem

122 3787 212 3857 haud
224 3785 408 3876 magnilica,
418 3786 462 3852 ob
473 3787 640 3885 ingentem
656 3787 828 3852 utilitatem
843 3787 922 3852 laetis
936 3788 1053 3853 animis
1065 3808 1201 3881 accepta

158 3978 206 4074 gr.
221 4007 273 4055 nv.
285 4007 351 4071 upa.
364 4006 468 4053 mvn.
482 4031 517 4042 -
526 4005 602 4054 rau.
612 3970 704 4072 ntyl.
714 4005 875 4055 remeans.
888 4033 922 4045 -
934 4005 951 4072 s
964 4010 999 4056 11.
1008 4008 1075 4057 rue
1087 4008 1201 4076 cnpttor.

123 4122 157 4143 -.-
171 4095 224 4143 Liv.
237 4092 303 4158 Epit.
315 4118 350 4128 -
363 4092 468 4139 Massur.
480 4089 563 4139 Sabin.
574 4106 614 4153 ap.
625 4091 705 4156 Agell·
718 4092 764 4149 IV,
779 4107 825 4149 ro,
838 4102 863 4140 ot
875 4091 943 4142 Non.
955 4107 1017 4142 voce
1028 4093 1162 4160 δαήσεαι.
