2654 4830
235 109 290 179 tu
319 108 964 180 Loc.LIB.xLV11·1.1V1AN1.
995 86 1001 99 '
1084 113 1127 195 ω

62 243 153 292 ctum
170 227 274 298 fuisse.
285 229 454 317 negotium
470 231 654 294 narrabant.
672 232 812 296 Telecles
828 231 1085 322 Megapolitanus
1101 248 1134 297 et

62 328 285 393 Anaxidamus
301 331 408 412 missi;
425 329 483 410 sed
499 346 531 395 et
546 332 684 395 istorum
699 331 865 421 diligentia
880 332 982 395 nihilo
997 333 1132 413 felicior,

62 453 164 519 quam
176 431 383 518 superiorum
396 432 562 513 omnium,
580 429 652 496 fuit‘.
665 432 915 497 Massiliensium
926 455 1003 496 vero
1020 453 1131 520 preces

62 533 207 621 benigne
222 547 299 595 suut
312 530 446 614 auditae,
459 532 614 596 auxilium
623 531 773 602 aduersus
785 535 919 622 Ligures
933 534 1132 621 petentium,

64 635 139 722 qui,
151 634 292 698 obsessis
302 634 409 698 Nicaea
423 650 457 699 et
471 635 635 723 Antipoli,
655 635 902 699 Massiliensium
917 634 1061 723 oppidis,
1076 657 1133 697 ur·

63 736 140 799 bem
159 737 264 825 ipsam
279 757 410 826 magnas
431 736 465 798 in
487 736 651 824 angustias
670 752 852 823 coegerant.
871 736 1045 799 Decretum
1065 749 1132 815 est,

63 839 113 900 uti
125 834 227 923 legati
238 836 342 899 adres
355 836 597 900 Massiliensium
607 835 813 925 inspiciendas
824 839 1039 915 miserantum
1052 838 1134 924 tique

63 938 181 1001 darent
192 960 318 1026 operam
325 985 335 1015 ‚
354 940 402 1000 uti
416 936 658 1001 Massiliensibus
675 933 839 1022 satisfieret
846 984 856 1014 ,
870 960 908 999 uc
920 937 1008 1024 quod
1020 934 1135 999 bellum

16 1042 23 1048 “
63 1062 103 1103 ea
119 1039 163 1102 de
173 1061 273 1103 causa
287 1041 402 1126 suscipi
412 1061 488 1125 opus
502 1053 587 1103 esset.
600 1039 714 1126 Neque
730 1053 837 1100 tamen
855 1036 1007 1101 declinari
1025 1059 1135 1100 neces·

63 1141 192 1204 sitatem
217 1162 288 1204 eam
313 1140 525 1204 barbarorum
548 1141 656 1203 feritas
680 1160 771 1227 passa
796 1154 861 1219 est3
883 1139 963 1226 quin
986 1138 1134 1226 sequenti

63 1264 170 1322 anno,
181 1264 250 1330 quo
261 1242 302 1324 Q.
309 1242 458 1329 Opimius
470 1242 511 1324 Q.
520 1242 556 1306 F.
567 1243 608 1325 Q.
616 1241 675 1322 NL,
685 1242 720 1304 L.
733 1241 922 1305 Postumius
933 1241 987 1327 Sp.
998 1241 1033 1302 F.
1044 1242 1079 1304 L.
1091 1238 1133 1302 N.

62 1344 205 1408 Albinus
223 1344 372 1409 consules
388 1346 495 1425 fuere,
511 1366 586 1407 cum
606 1344 740 1432 Oxybiis
755 1359 852 1431 atque
871 1342 1064 1407 Deceatibus
1080 1343 1134 1405 Li·

61 1445 164 1535 guriae
186 1445 317 1533 populis
341 1445 524 1512 bellaretur.
541 1448 583 1509 At
601 1448 636 1510 L.
652 1446 840 1510 Postumius
857 1468 961 1532 quum
977 1445 1083 1508 iturus
1099 1445 1134 1507 ia

60 1547 267 1634 provinciam
283 1546 499 1628 immolasset,
517 1548 551 1611 iu
569 1548 716 1636 plurimis
732 1547 868 1611 victimis
885 1564 982 1635 caput
995 1545 1134 1625 jocinori

61 1646 182 1712 defuit.
204 1649 371 1712 Profectus
395 1647 629 1729 niln'lominus,
653 1663 727 1737 post
750 1647 837 1712 diem
858 1648 1031 1736 septimum
1053 1667 1136 1737 teger

60 1749 187 1814 relatis
205 1764 255 1814 est
277 1751 432 1831 Romam,
446 1751 557 1838 ibique
573 1749 753 1838 exspiravit.
774 1749 839 1811 Ista
852 1770 902 1811 res
918 1748 1055 1836 perculit
1071 1747 1133 1810 bo·

60 1851 194 1915 minum
213 1851 339 1916 animos
357 1875 364 1914 :
381 1852 519 1915 maxime
536 1852 612 1938 quia
630 1868 679 1931 et,
697 1852 810 1913 Consae
827 1871 915 1912 arma
930 1850 964 1911 in
984 1849 1059 1912 caelo
1074 1869 1135 1911 vo·

59 1954 131 2017 lare
142 1954 423 2036 risa,nuntiatum
433 2001 442 2034 ,
452 1969 485 2016 et
498 1954 600 2016 multa
615 1951 750 2014 illustria
763 1951 835 2014 loca
848 1950 1038 2013 fulminibus
1053 1964 1136 2011 tacta

61 2053 206 2119 fuerant.
231 2055 270 2118 In
301 2056 423 2119 mortui
447 2055 577 2135 locum,
603 2052 719 2118 consul
743 2053 844 2116 factus
873 2067 921 2116 est
944 2051 990 2115 M.
1012 2051 1135 2113 Acilius

63 2156 111 2220 M.
130 2156 165 2219 F.
182 2157 219 2220 C.
234 2155 277 2221 N.
294 2155 438 2220 Glabrio.

108 2256 220 2320 XXX.
238 2255 350 2338 Quum
373 2256 494 2321 interea
519 2259 596 2320 novi
613 2282 631 2321 a
648 2257 787 2321 Massilia
804 2257 917 2346 legati,
934 2254 1015 2320 nibil
1025 2277 1089 2344 pro
1105 2277 1136 2317 se

57 2355 176 2445 populi
194 2360 322 2419 romani
336 2349 554 2421 auctoritatem
569 2357 704 2422 valuisse
712 2407 721 2436 ,
739 2358 910 2439 afferrent,
930 2358 1036 2422 statim
1053 2378 1136 2420 ase-

66 2474 147 2522 natu
156 2458 246 2522 missi
259 2474 337 2522 sunt
346 2458 538 2539 Flaminius,
551 2460 708 2547 Popillius
722 2462 848 2540 Laenas,
863 2460 899 2523 L.
912 2460 1050 2546 Pupius,
1062 2458 1136 2545 qui,

69 2581 250 2623 conscenso
271 2558 416 2648 navigio,
438 2559 622 2648 AEgitnam,
642 2560 732 2648 quod
755 2561 958 2646 Oxybiorum
978 2559 1136 2648 oppidum

66 2676 134 2741 est,
154 2662 362 2749 appulerunt.
378 2661 421 2723 At
438 2661 588 2748 Ligures,
606 2660 736 2740 audito,
751 2661 860 2724 venire
881 2662 984 2723 Roma
999 2660 1137 2749 legatos,

69 2761 126 2849 qui
147 2761 229 2824 solvi
248 2759 452 2824 obsidionem
474 2760 687 2847 imperarent,
709 2776 907 2846 procurrunt
928 2761 961 2823 in
985 2777 1137 2848 portum;

67 2865 166 2942 alios,
179 2863 237 2949 qui
251 2861 359 2925 adhuc
369 2862 403 2924 in
419 2861 492 2923 navi
506 2877 616 2941 erant,
631 2862 873 2925 exscensionem
891 2862 995 2926 facere
1010 2879 1136 2945 vetant,

66 2963 264 3028 Flaminium
280 2962 346 3041 jam
363 2985 528 3052 egressum
547 2985 624 3053 agro
642 2987 702 3027 suo
720 2963 836 3042 jubent
852 2963 1003 3028 excedere
1023 2988 1030 3028 ε
1047 2966 1136 3054 quo'd
1226 2957 1230 2963 ⁸

65 3087 172 3154 quum
189 3064 242 3128 ille
264 3064 369 3127 facere
387 3081 566 3144 recusaret,
585 3086 700 3128 manus
723 3065 873 3145 injiciunt
898 3067 1048 3148 sarcinis3
1071 3069 1137 3131 vim

65 3165 280 3257 prohibentes
294 3166 457 3247 servulos,
476 3165 606 3229 duobus
623 3167 750 3242 occisis,
770 3167 948 3254 repellunt,
965 3167 1138 3255 ipsumque

63 3269 151 3333 adeo
164 3268 307 3357 legatum
320 3269 570 3348 convulnerant,
585 3266 785 3331 hauddubie
800 3267 1020 3345 interfecturi,
1034 3271 1067 3331 ni
1082 3291 1138 3331 su·

67 3373 140 3435 bito
157 3384 307 3457 receptus
323 3370 356 3432 in
374 3369 481 3433 navim
493 3417 501 3450 ,
514 3370 652 3457 praecisis
672 3370 823 3450 funibus,
841 3370 1025 3433 imminenti
1042 3369 1140 3433 exitio

64 3497 102 3538 se
129 3472 319 3558 eripuisset,
341 3471 513 3535 Massiliam
535 3471 576 3534 ad
601 3471 743 3538 curanda
770 3472 902 3535 vulnera
928 3469 1138 3535 contendens.

64 3577 127 3640 His
140 3574 240 3638 rebus
250 3576 362 3638 Romoe
371 3572 505 3653 auditis,
520 3590 680 3637 maturare
692 3574 928 3661 profectionem
943 3573 983 3653 Q.
991 3571 1140 3659 Opimius

103 3779 230 3844 §xxm
244 3779 333 3845 ruys.
349 3780 502 3843 axstegat
517 3768 672 3828 131et1‘32.
691 3807 723 3817 .-
740 3776 985 3844 ttv.Epir.vat1.
1002 3806 1037 3816 -
1053 3777 1141 3843 cotys,
1181 3748 1189 3759 ’

67 3891 103 3902 -
113 3863 168 3913 Jul.
176 3863 266 3932 ΟΜ.
277 3865 381 3936 etp-26·
390 3864 498 3913 -Fasti
513 3862 619 3928 Capitol.
