2654 4830
131 308 177 380 50
202 310 1163 388 JO.FRE1Ns.SUPPL.1NLoc.1.lss.xl.v11.
1233 302 1235 375 ἶ

127 447 234 497 unter
244 430 383 517 accepit,
392 427 484 515 quod
494 432 556 518 Ap.
568 429 738 512 Claudius,
746 432 781 495 L.
793 432 937 520 Oppius,
948 436 985 500 Α.
994 437 1194 527 Postumius,

128 531 223 620 legati
235 530 277 593 ab
290 544 421 609 senatu,
435 528 476 593 ad
489 528 589 594 finem
601 531 685 595 bello
700 532 941 620 imponendum
953 555 1128 605 venerunt.
1146 541 1196 605 Ps-

128 649 192 696 tres
205 632 291 695 enim
301 677 311 713 ,
322 629 429 695 edocti
440 653 459 694 a
469 632 647 719 prioribus,
663 656 730 721 quo
741 634 814 699 loco
829 658 880 700 res
891 638 974 702 Asiae
983 656 1113 723 essent,
1124 665 1196 707 con·
1232 648 1235 721 ff

128 734 234 798 festim
255 734 316 797 hos
336 733 498 814 jusserant
520 732 690 822 proficisci.
712 734 839 799 Horum
860 758 958 825 opera
976 743 1150 819 convenit,
1165 761 1197 809 at
1233 786 1235 809 l

128 837 258 900 prasus
271 833 385 900 Attalo
402 837 469 922 regi
487 856 581 899 naves
595 847 693 901 tectas
709 837 827 923 νιξςίιιίί
842 842 971 919 statim
986 841 1102 907 deusde
1117 849 1195 911 iam

123 939 291 1028 proximos
305 939 542 1024 nameriginti,
553 937 674 1002 talenta
687 940 860 1026 quingenta
870 940 961 1003 daret
970 965 983 1004 .·
992 948 1195 1028 quatrim-

127 1060 187 1130 qus
198 1034 365 1124 is'sfiaibm
376 1051 464 1119 essse,
479 1038 590 1127 quibas
602 1054 677 1102 ante
688 1039 802 1103 bellum
807 1039 948 1128 faeriset:
963 1044 1193 1132 Methymnaei,

128 1138 346 1228 AEgisnsdw,
371 1136 521 1217 Cumae&
541 1137 756 1221 Heracleotes,
776 1141 906 1222 domm,
927 1145 1019 1232 quod
1033 1170 1057 1209 a
1083 1148 1195 1215 Pruna

120 1245 213 1330 passi
219 1255 317 1304 essent
324 1289 333 1321 ,
348 1241 487 1320 nomm,
498 1238 619 1304 talenta
630 1255 752 1305 centum
762 1242 983 1329 penderentur.
995 1247 1069 1312 Hoc
1080 1250 1194 1316 foedere

127 1344 289 1432 perfecto,
315 1341 440 1407 Attalus
468 1360 543 1404 cum
571 1340 774 1429 pedestribus
801 1342 898 1407 simul
927 1349 1194 1439 equestribusque

130 1442 232 1531 copiis
250 1442 387 1507 domum
404 1458 454 1506 ast
472 1464 645 1532 regressus.

173 1546 289 1609 XLIII.
304 1547 346 1609 At
360 1542 394 1607 in
406 1543 488 1607 urbe
502 1564 606 1630 quum
620 1544 739 1607 iterum
754 1543 795 1607 de
806 1545 861 1626 iis,
873 1545 930 1633 qui
941 1568 981 1610 ex
991 1547 1117 1615 Graecia
1131 1554 1193 1617 iun

126 1663 200 1710 rant
216 1646 357 1725 evocati,
371 1645 468 1709 verba
486 1668 504 1709 a
520 1644 631 1733 legatis
647 1644 840 1710 Achaeorum
855 1647 891 1711 in
908 1662 1025 1713 senatu
1045 1652 1130 1718 facta
1145 1677 1191 1719 es·

128 1765 218 1829 sent,
235 1762 364 1811 senatus
388 1745 468 1810 nihil
494 1745 688 1810 mutandum
708 1747 842 1811 censuit.
868 1748 945 1830 Quo
962 1750 1099 1837 quidem
1116 1770 1193 1819 tesn-
1231 1822 1233 1827 ,

126 1872 226 1939 pore,
245 1870 348 1935 quum
373 1849 466 1911 multi
492 1847 533 1912 de
558 1870 595 1912 ea
618 1870 654 1911 re
672 1866 839 1913 sermones
864 1848 999 1931 fierent,
1027 1851 1075 1917 Μ.
1100 1857 1192 1938 Cato,
1231 1864 1233 1931 ζ

125 1966 303 2040 perpetuus
320 1949 522 2039 Carthaginis
536 1950 654 2031 hostis,
664 1948 781 2013 dixisse
797 1950 919 2014 sertin:
933 1980 946 2006 ι
956 1952 1129 2039 Tanquam
1139 1955 1192 2021 de·
1231 1978 1233 1989 ·

128 2084 141 2108 «
153 2059 247 2132 esset,
257 2051 347 2139 quod
356 2074 540 2141 ageremus,
551 2051 701 2115 sedemus
713 2051 782 2127 hic,
796 2049 838 2114 de
846 2051 979 2115 senibus
988 2056 1192 2142 graecadisde

128 2154 341 2234 «liberantes,
353 2176 371 2217 a
383 2155 560 2233 nostrisne,
575 2174 616 2216 an
632 2153 795 2241 ipsorum,
810 2150 1029 2240 sandapilariis
1038 2155 1109 2220 sint
1119 2158 1191 2221 elie

127 2285 141 2311 ι
153 2254 256 2319 rendi.
269 2284 281 2309 a
295 2253 426 2318 Solebat
441 2254 528 2318 enim
547 2254 700 2317 omnibus
719 2253 904 2334 sententiis,
922 2277 1001 2342 quas
1017 2254 1146 2323 dicebat
1159 2259 1188 2323 iu

126 2352 1190 2443 senatu‚subjungere:aHoccenseo,etCarthaginemdelendam.·

126 2443 347 2522 Tunc⁰autem
363 2455 484 2519 recenti
504 2470 592 2518 metu
613 2452 848 2541 providentiam
861 2454 921 2518 viri
937 2454 1126 2523 stimulabat
1142 2480 1188 2524 re

125 2580 217 2624 versa
231 2581 270 2622 ex
286 2557 393 2621 Africa
411 2556 544 2643 legatio,
562 2576 633 2643 quaa
652 2577 766 2641 nuper,
783 2555 890 2643 specie
908 2555 1185 2644 disceptandam

125 2682 201 2725 cum
216 2658 384 2723 Masinissa
401 2657 711 2737 controversiarum,
731 2677 881 2745 magnam
899 2658 965 2720 vim
989 2662 1113 2727 navalis
1127 2683 1188 2725 me

63 2827 68 2836 ,
125 2761 214 2825 terite
243 2758 437 2846 Carthagine
464 2756 730 2844 deprehenderat.
764 2758 855 2821 Inter
887 2758 972 2842 hoec,
1000 2760 1188 2829 durandum

125 2861 287 2949 IIispanioe
301 2860 408 2940 bellis,
420 2874 453 2921 et
469 2880 486 2921 a
504 2858 610 2921 Poenis
628 2857 835 2945 impendente
853 2877 962 2941 metu,
977 2866 1187 2929 necessarium

125 2962 249 3041 visum,
265 2959 426 3047 indulgeri
439 2958 534 3039 justis
549 2959 789 3046 provinciarum
806 2962 961 3047 querelis,
978 2986 1059 3050 quas
1075 2966 1119 3031 de
1132 2988 1190 3031 m·

124 3064 317 3153 gistratuum
346 3079 557 3124 roruanorum
588 3062 719 3125 avaritia
745 3062 785 3125 ad
821 3080 968 3127 senatum
1000 3066 1188 3135 detulerant.

121 3166 237 3251 ltaque
251 3184 360 3226 severe
375 3163 519 3225 exercita
533 3176 611 3224 sunt
627 3164 735 3250 leges,
752 3161 962 3252 damnatique
973 3167 1101 3254 aliquot
1115 3192 1190 3259 pta·

123 3281 225 3343 tores,
243 3264 300 3350 qui
317 3263 350 3325 in
366 3261 588 3349 extorquenda
602 3263 822 3351 capiendaque
838 3268 975 3354 pecunia
990 3272 1113 3357 egressi
1125 3294 1189 3335 mo·

125 3365 206 3429 dum
226 3365 366 3428 fueraut.

160 3552 177 3617 S
194 3553 273 3599 xut.
288 3551 377 3616 Polyb.
391 3552 505 3615 Excerpt.
520 3553 602 3615 Legat.
617 3551 674 3599 136.
688 3578 722 3587 -
734 3550 842 3615 Appian.
856 3552 995 3601 Mithridst.
1009 3582 1045 3592 -
1058 3557 1148 3624 Polyb.
1159 3582 1189 3599 .-

124 3636 141 3701 S
154 3636 244 3682 XLIII.
258 3633 345 3698 Polyb.
356 3635 470 3698 Excerpt.
481 3635 563 3697 Legat.
573 3634 630 3693 137.
640 3661 674 3669 —
684 3637 773 3681 Lucan.
781 3636 831 3692 VI,
844 3636 903 3694 788.
913 3664 948 3673 -·
957 3638 1084 3691 Plutarch.
1095 3640 1190 3708 Apnpb.

124 3721 197 3767 Rom.
208 3734 264 3782 cap.
278 3734 316 3781 ¹9·
331 3744 366 3753 -
376 3717 483 3781 upplan.
498 3718 583 3765 Punic.
596 3744 632 3754 -
644 3717 709 3768 Flos.
720 3718 755 3775 II,
767 3718 805 3765 ¹5.
820 3745 854 3754 -
868 3720 970 3770 Diodor.
985 3723 1054 3787 apud
1068 3726 1149 3777 Νη,
1158 3752 1189 3766 .-

126 3800 188 3848 Plin.
201 3800 260 3859 XV,
274 3800 314 3849 rt.
327 3825 361 3837 -
373 3800 426 3849 Liv.
436 3799 503 3863 Epis.
512 3801 616 3848 xtvtt.
629 3826 664 3836 —
675 3800 833 3849 Plutarchus
845 3802 953 3862 Catone,
962 3820 985 3855 e.
996 3807 1037 3856 ⁵0.

459 3978 850 4013 -ι--ι-οθβ-ψ..
