2654 4830
128 350 171 396 ro
292 330 360 396 JO.
388 329 731 397 FREINSHEMII
763 328 1012 398 SUPPLEM.

124 450 159 512 L.
174 448 323 530 AEmilio,
334 464 531 536 senatusque
542 449 687 537 principe
702 448 747 512 M.
757 448 880 536 Lepido
892 448 1063 529 adjuvante
1077 472 1192 514 exem·

123 564 216 636 ptus,
226 550 260 612 in
274 548 375 614 libera
391 548 537 615 custodia
553 549 722 615 biennium
741 549 897 614 extraxit:
911 566 982 615 tum
998 573 1076 615 vero
1093 552 1194 616 rnise·

124 651 187 714 rias
207 665 327 732 certas,
344 672 434 739 spem
453 650 608 715 incertam
631 666 800 740 reputans,
821 651 927 716 inedia
950 652 1011 716 sibi
1032 653 1193 717 conscivit

125 772 258 814 necem:
271 750 404 838 quidam
419 775 438 815 a
451 751 660 834 custodibus,
670 774 753 839 quos
763 751 850 816 forte
861 752 1058 834 offenderat,
1070 776 1194 819 somno

122 850 325 938 prohibitum
346 853 522 939 exspirasse
537 851 750 917 tradiderunt.
769 853 970 919 Defunctum
986 854 1120 942 publico
1139 857 1195 920 fu·

125 975 202 1016 nere
224 955 258 1016 in
280 954 440 1018 honorem
465 954 607 1043 pristinae
629 955 768 1019 fortunae
795 970 926 1019 senatus
949 955 1057 1019 efferri
1073 957 1194 1038 jussit,

126 1055 225 1118 misso
243 1054 285 1120 ad
306 1056 371 1120 boc
391 1073 551 1144 quaestore
566 1057 701 1138 Albam,
718 1056 776 1120 ubi
794 1056 983 1120 decesserat.
1003 1057 1072 1121 Nec
1089 1059 1195 1122 omit·

124 1155 262 1219 tendum
272 1173 320 1220 est
330 1157 363 1219 in
375 1180 450 1220 casu
457 1157 540 1222 tanti
550 1157 649 1222 modo
656 1157 739 1246 regis
747 1157 835 1222 aliud
845 1156 984 1221 fortuna
992 1156 1171 1222 ludibrium
1182 1208 1194 1240 ‚

123 1257 220 1320 ctiam
234 1258 316 1346 ipsa,
335 1275 372 1323 ut
391 1260 471 1323 mihi
487 1258 632 1340 videtur,
652 1259 834 1347 captivitate
849 1280 886 1323 ac
901 1274 1007 1322 rnorts
1023 1259 1195 1323 miserabi-

125 1357 197 1421 lius.
207 1358 389 1424 Alexander
401 1356 488 1424 solus
500 1360 677 1424 liberorum
691 1359 774 1448 patri
786 1375 948 1447 superstes
961 1360 1089 1425 fabriles
1104 1376 1196 1426 artes

123 1456 255 1541 didicit,
266 1460 385 1547 quillus
400 1484 433 1525 se
447 1461 599 1526 toleraret
611 1485 618 1526 :
630 1460 749 1525 deinde
765 1461 922 1549 scripturn
935 1460 1025 1542 lecit,
1039 1484 1196 1550 operam-

30 1612 41 1630 „
125 1581 190 1646 que
200 1583 270 1623 eam
281 1561 518 1649 magistratibus
529 1562 650 1627 albanis
663 1563 789 1627 locavit.
804 1564 876 1626 lloo
888 1584 976 1626 anuo
991 1564 1102 1627 Ilomae
1115 1587 1197 1628 cen-

124 1681 179 1722 sus
202 1678 292 1725 actus
311 1677 377 1743 est,
397 1662 601 1751 lustrumque
626 1662 807 1728 conditum.
821 1665 858 1728 L.
878 1658 1197 1748 AEmilius‘Paulus,

127 1761 168 1842 Q.
193 1763 333 1827 Marcius
349 1764 516 1854 Philippus
533 1764 707 1829 condidere
722 1788 730 1829 ε
745 1785 840 1828 censa
855 1780 933 1827 sunt
950 1765 1068 1828 civium
1086 1767 1198 1854 capita

124 1879 267 1928 trecenta
283 1865 412 1955 triginta
432 1882 556 1956 septem
576 1867 691 1944 millia,
704 1865 939 1955 quadringenta
955 1868 1197 1957 quinquaginta

126 1963 205 2031 du0.

169 2067 273 2132 XVII.
291 2056 380 2134 Mitis
399 2093 436 2134 ea
448 2092 582 2135 censura
591 2070 670 2151 ibit,
681 2068 894 2157 moribusque
903 2084 936 2132 et
947 2067 1196 2135 mansuetudini

125 2169 215 2233 Pauli
232 2171 526 2236 conveniens.Tres
541 2186 667 2234 tantum
683 2187 799 2234 senatu
815 2171 914 2252 moti;
939 2191 1035 2232 nemo
1053 2189 1093 2232 ex
1115 2169 1201 2233 insi·

124 2269 243 2358 gnibus
256 2294 263 2335 :
278 2270 391 2335 eadem
404 2271 439 2335 in
453 2272 617 2359 equitibus
629 2272 771 2336 romanis
788 2271 993 2363 recensendis
1012 2269 1198 2335 moderatio

123 2372 197 2437 fuit.
209 2373 393 2461 Principem
406 2389 553 2455 senatus,
568 2396 667 2461 quern
680 2390 713 2438 et
726 2373 952 2437 antecedentes
967 2372 1099 2460 quidam
1113 2396 1199 2438 cen-

124 2496 229 2557 sores,
239 2475 345 2562 legere
356 2475 402 2539 M.
411 2475 579 2540 AEmilium
589 2474 760 2564 Lepidum.
771 2477 917 2562 Operum
927 2522 936 2554 ,
947 2496 1019 2561 quse
1031 2474 1199 2558 locavere,

125 2574 216 2664 quod
233 2576 378 2657 mireris,
401 2576 618 2664 splendidiora
638 2579 851 2641 nesciuntur:
871 2591 1070 2639 memoratur
1089 2575 1198 2640 horo·

123 2678 266 2767 logium,
284 2676 373 2764 quod
387 2677 575 2765 diligentius
588 2677 775 2741 ordinatum
792 2678 832 2757 Q.
851 2676 992 2739 Marcius
1008 2676 1042 2738 in
1058 2675 1200 2762 publico

125 2780 254 2867 posuit,
273 2795 363 2867 grato
383 2779 416 2841 in
441 2778 600 2866 populum
623 2798 795 2840 romanum
818 2798 970 2856 munere,
987 2776 1064 2862 quia
1081 2792 1197 2858 vetus,

124 2880 213 2966 quod
236 2879 357 2944 ibidem
379 2880 592 2944 centesimum
614 2879 717 2943 ferme
736 2895 812 2942 ante
833 2899 957 2941 annum
979 2876 1025 2940 Ill.
1046 2877 1198 2944 Valerius

124 2981 272 3045 Messalla
292 2997 465 3062 statuerat,
482 2981 522 3046 ad
546 2982 642 3045 boras
659 3001 808 3044 romanas
832 3001 948 3067 parunt
966 2980 1196 3046 conveniebat.

124 3083 303 3148 Publicavit
322 3083 408 3148 idern
426 3099 458 3148 et
479 3082 670 3148 Concordiae
694 3082 844 3171 signum,
873 3079 962 3168 quod
987 3079 1139 3166 deinceps
1159 3081 1195 3142 in

124 3187 211 3250 curia
228 3186 397 3250 collocavit
412 3188 447 3249 C.
466 3186 604 3249 Cassius.
620 3187 661 3248 At
677 3186 711 3248 L.
725 3183 876 3248 AEnrilins
893 3180 1093 3262 Minervam,
1114 3181 1196 3243 Phi·

125 3287 185 3350 dioe
200 3288 390 3376 praeclarum
408 3307 510 3374 opus,
523 3286 557 3349 in
574 3285 642 3349 sede
654 3288 805 3349 Fortunae
824 3283 943 3371 posuit.
961 3284 1033 3346 Hoc
1047 3281 1195 3368 primurn

123 3411 210 3451 anno
224 3389 259 3450 in
275 3389 398 3452 Italiam
411 3388 535 3451 venisse
551 3387 726 3468 morbum,
743 3386 800 3474 qui
816 3384 1034 3449 carbunculus
1050 3382 1197 3469 appella-

124 3507 187 3570 tur,
205 3491 239 3553 in
257 3490 426 3553 annalibus
443 3503 633 3552 annotatum
652 3503 710 3551 est.

158 3667 174 3732 S
188 3670 258 3717 XVI.
277 3669 353 3717 Diod.
367 3669 451 3733 Eclog.
465 3668 508 3717 lib.
524 3671 623 3718 XXXI.
641 3696 676 3707 -·
688 3669 753 3718 Plut.
763 3669 843 3716 AEmil.
856 3684 910 3733 cap.
925 3667 968 3717 63.
985 3693 1019 3703 -
1038 3664 1114 3714 Diod.
1127 3666 1197 3729 apud

124 3751 203 3800 Voles.
219 3779 254 3789 -
267 3753 323 3800 Sall.
334 3753 397 3802 llist.
408 3755 453 3813 IV,
467 3752 492 3800 in
502 3753 568 3818 Epit.
578 3752 691 3803 Mithrid.
704 3753 827 3800 -Valea
839 3753 940 3800 Maxim.
954 3752 987 3809 V,
1001 3766 1027 3810 1,
1041 3766 1062 3795 r.
1081 3777 1112 3785 -
1130 3751 1197 3797 Znn.

123 3864 156 3871 «-
168 3835 304 3884 Marcellin.
315 3837 385 3895 XIV,
398 3845 440 3892 to.
456 3863 491 3873 -
504 3839 576 3885 Oros.
587 3838 632 3896 1v‚
646 3853 688 3885 ao.
700 3863 735 3874 -
748 3837 802 3883 Liv.
812 3835 877 3901 Epir.
887 3837 977 3882 XLVI.
988 3860 1023 3869 -
1032 3832 1097 3881 Fasti
1108 3832 1195 3896 Capit.

129 3949 157 3955 --
169 3920 290 3968 Plutarch.
303 3921 361 3987 -§
375 3924 458 3971 XVII.
476 3922 528 3969 biv.
544 3924 642 3982 XLIII,
655 3922 694 3970 15.
710 3949 745 3958 —
758 3920 865 3970 Diodor.
880 3922 985 3977 XXXI,
997 3934 1072 3971 a..—
1087 3917 1197 3966 Censor.

122 4022 175 4069 rap.
188 4021 228 4068 tp.
241 4032 275 4042 -—
286 4006 347 4054 Plin.
358 4008 419 4065 Vll,
430 4009 476 4064 60,
488 4018 512 4055 et
527 4007 625 4065 XXVI,
640 4024 662 4054 r.
677 4032 711 4043 -—
722 4005 836 4068 Scaliger.
848 4031 881 4041 ·-
892 4004 945 4052 Cic.
956 4018 1003 4066 pro
1015 4003 1111 4057 Domo,
1119 4016 1140 4048 c.
1152 4000 1196 4048 50.

125 4117 156 4125 -
170 4090 232 4138 Ptin,
243 4093 365 4149 κων,
378 4094 406 4151 a,
420 4102 442 4139 n
453 4092 553 4141 xxvi.
571 4107 591 4137 t.
690 4144 700 4159 ‚
