2654 4830
212 332 236 400 s
338 292 341 297 ’
388 340 455 407 Jo.
483 340 824 410 rnsrnsnann
855 342 1104 413 surpasse.

210 465 302 530 cibus
320 464 446 528 nullum
460 475 559 543 esset,
578 476 610 524 et
625 461 740 525 harum
757 461 823 524 vim
840 462 977 527 maxime
993 464 1027 527 in
1044 470 1290 553 perseverando

209 567 347 655 positam
362 564 548 645 crederent,
563 561 674 626 denuo
688 562 883 651 legationem
897 562 1093 647 decernunt,
1103 589 1205 655 quam
1217 572 1289 637 Eu.

208 692 293 751 reas,
304 682 336 733 et
346 690 421 732 cum
431 663 631 732 Anaxidamo
643 664 775 753 Satyrus
787 664 950 729 obierunt.
962 665 990 728 li
1002 666 1064 731 sub
1077 667 1164 733 idem
1177 672 1288 739 ferum

208 788 338 859 tempus
353 790 471 833 venere
484 770 639 849 Romam,
651 788 718 854 quo
734 766 820 830 inter
828 767 1011 855 complures
1023 769 1191 835 minorum
1203 796 1288 863 gen·

208 875 291 937 tium
307 873 429 962 legatos
443 891 461 932 a
475 866 610 932 Rhodiis
626 866 834 957 Astymedes,
851 884 883 932 et
897 892 916 931 a
929 890 1004 959 rege
1020 870 1132 935 Prusia
1145 873 1285 963 Python

207 974 340 1062 quidam
351 987 537 1036 accesserat.
550 970 612 1035 Hic
624 968 830 1034 introductus
844 969 878 1032 in
892 985 1040 1034 senatum
1053 973 1212 1040 Eumenis
1227 1000 1286 1044 ac-

207 1076 407 1140 cusationem
422 1095 514 1135 orsus
531 1086 595 1153 est,
607 1071 696 1161 ctq'us
712 1070 934 1159 incursionibus
936 1069 1027 1159 fines
1041 1074 1201 1161 Betymte
1217 1102 1286 1144 va.

204 1191 370 1254 starentur,
395 1174 515 1263 oppidis
534 1176 629 1237 etalem
646 1172 769 1262 aliquot
786 1175 894 1262 emptis
916 1178 1159 1264 occupatisque:
1177 1200 1287 1268 neque

203 1278 298 1343 atiud
316 1300 500 1365 magnopere
522 1277 669 1340 Pmsiem
699 1272 835 1336 Eumeni
859 1272 1037 1362 displicere,
1066 1298 1164 1365 quem
1190 1281 1288 1367 quod

203 1379 378 1444 amicitiam
394 1378 609 1443 Bonaonorum
622 1371 773 1465 cumfide
792 1379 954 1441 retineret:
965 1376 1057 1465 idque
1073 1401 1117 1440 ex
1131 1400 1168 1442 eo
1186 1381 1286 1445 tirtel

203 1480 262 1571 lagi
273 1504 365 1571 posse
372 1529 382 1561 ,
401 1478 572 1569 quodcum
587 1476 745 1541 Anneeto
752 1523 762 1555 ,
781 1475 880 1562 Syrte
892 1498 964 1562 rege
971 1525 981 1556 ,
994 1477 1034 1540 de
1050 1476 1130 1541 bello
1142 1500 1284 1546 ronmne

201 1586 336 1672 agitaret
343 1581 474 1645 consilia
487 1603 498 1642 :
509 1600 606 1668 neque
615 1577 885 1642 senatusconsultis
897 1578 1024 1643 heberet
1038 1579 1207 1662 bonorem,
1221 1586 1289 1648 sed

200 1698 309 1747 contra
325 1683 393 1746 laaee
413 1695 549 1745 vexaret
572 1678 835 1766 Gallograeciam,
855 1702 1019 1767 omnesque
1044 1682 1079 1744 in
1099 1684 1284 1749 universum

201 1787 298 1848 socios
314 1782 497 1870 clientesque
517 1782 732 1845 Romanorum
744 1805 755 1843 .·
768 1803 815 1844 res
830 1795 935 1844 autem
951 1802 1025 1844 suas
1043 1782 1139 1846 ubivt's
1152 1784 1282 1871 corfin-

200 1884 330 1963 mando,
339 1887 395 1972 qui
405 1880 633 1970 suoesactiom‘s
645 1893 753 1960 essent,
762 1881 921 1948 stabiliret.
931 1881 1008 1946 Non
1022 1884 1207 1972 spernenda
1222 1910 1282 1954 res

200 1986 326 2050 senatui
345 1984 410 2048 visa
428 2006 493 2048 :ne
512 1998 619 2045 nmen
638 1979 745 2045 adhuc
766 1981 927 2047 nudarent
947 1985 1100 2064 consilia,
1121 1986 1282 2056 sufficere

201 2085 377 2165 creditum,
394 2085 421 2147 si
435 2084 543 2147 lavore
554 2104 615 2146 suo
626 2081 899 2171 Gallogrmcorum
913 2087 1111 2150 sustinerent
1124 2088 1280 2174 animos,

199 2187 397 2273 illorumque
410 2184 592 2249 libertatem
604 2232 612 2265 ,
624 2200 784 2271 quantum
799 2185 877 2249 citra
893 2187 1095 2251 manifestam
1111 2188 1278 2256 Eumenis

198 2288 350 2368 injuriam
369 2286 437 2351 lieri
456 2302 580 2376 posset,
600 2301 793 2351 tutarentur.

241 2391 284 2455 X.
297 2390 375 2453 Post
386 2389 447 2451 hos
461 2386 649 2474 Astymedes
665 2385 813 2451 Rhodius
827 2389 953 2453 iteravit
964 2390 1100 2455 civitatis
1117 2412 1186 2458 suae
1199 2416 1278 2483 pre·

196 2514 250 2559 ces
263 2516 271 2557 :
285 2493 360 2555 satis
373 2514 442 2553 enm
456 2512 590 2581 rnegruas
609 2489 758 2577 superbier
774 2492 1012 2581 temeritatisque
1020 2516 1137 2581 poerres
1154 2492 1272 2577 luisse,

194 2596 272 2684 quin
288 2608 320 2658 ct
336 2592 485 2681 graviore
506 2591 624 2655 delr'ctis
639 2590 802 2679 pertulisse
819 2592 992 2680 supplicio:
1003 2624 1016 2648 «ι
1027 2615 1101 2658 nam
1119 2611 1152 2658 et
1167 2597 1272 2686 Lycia

195 2695 378 2782 «Cariaque
401 2692 557 2757 decedere
573 2693 676 2756 coacti
695 2715 826 2777 sumus,
844 2715 923 2782 quas
939 2696 1089 2784 regiones
1106 2718 1176 2761 non
1196 2700 1272 2767 sine

196 2792 367 2855 «maximis
386 2792 587 2880 sumptibus,
602 2792 768 2881 triumque
784 2793 945 2859 bellorum
959 2796 1124 2862 laboribus
1140 2816 1173 2864 et
1185 2806 1273 2889 peri-

196 2893 318 2975 «culis,
341 2893 450 2958 civitas
471 2910 582 2958 nostra
596 2896 794 2983 quaesivcrat.
815 2896 912 2962 Nunc
936 2900 1037 2988 igitur
1054 2901 1270 2991 vectigalibus

193 2993 352 3057 «istarum
375 2994 572 3084 tributisque
598 3017 759 3078 caremus,
782 2997 871 3063 unde
896 3000 990 3064 nobis
1016 3004 1135 3093 egregii
1158 3028 1269 3094 nuper

193 3093 342 3159 «fructus
352 3110 404 3176 ,et
415 3118 517 3185 opum
531 3096 733 3184 publicarum
748 3101 946 3166 accessiones
962 3124 1086 3193 magnae
1102 3120 1268 3196 certaeque

193 3227 204 3249 «ι
215 3195 318 3261 luere.
340 3197 535 3286 Quanquam
548 3196 589 3263 de
603 3200 699 3286 Lycia
712 3201 890 3289 Cariaque,
901 3203 927 3268 si
944 3204 1016 3291 quis
1029 3205 1190 3272 infensius
1208 3232 1269 3273 ur·

191 3312 301 3384 «gent,
315 3296 400 3361 forte
414 3298 522 3362 minus
535 3298 659 3362 licitum
677 3301 718 3364 sit
731 3304 833 3389 queri.
852 3304 950 3386 Quod
965 3306 1051 3370 cnim
1067 3324 1176 3371 vestro
1189 3332 1267 3375 rnu-

190 3420 291 3461 «nere
304 3398 569 3486 possederamus,
582 3400 685 3465 videri
698 3421 804 3491 potest
820 3427 887 3469 non
907 3408 1019 3495 inique
1035 3408 1128 3474 nobis
1147 3410 1265 3477 adem·

191 3515 307 3587 «pamm
318 3522 405 3584 csse,
423 3500 660 3568 offensionibus
672 3504 813 3588 obortis,
829 3524 861 3571 ct
875 3510 994 3572 civium
1007 3527 1195 3576 nostrorum
1206 3536 1265 3581 ve-

190 3631 201 3652 1«
212 3601 322 3665 cordia
343 3603 543 3690 suspiciones
562 3622 594 3669 et
608 3605 689 3670 iram
699 3623 837 3671 vestram
854 3628 1060 3697 provocante.
1089 3610 1152 3674 Sed
1176 3613 1266 3679 Cau·

189 3732 200 3753 κ
212 3708 291 3766 num
309 3721 395 3768 certe
409 3704 556 3772 ducentis
573 3709 700 3774 talentis
717 3733 734 3773 a
749 3710 936 3793 Ptolemaeo,
951 3712 1007 3776 sed
1023 3713 1260 3778 Stratoniceam

188 3836 201 3858 «
212 3804 252 3867 ab
274 3807 436 3873 Antiocho
451 3826 482 3873 et
500 3808 674 3876 Ptolemaeo
693 3812 726 3875 in
744 3814 852 3903 magni
870 3813 1018 3879 beneficii
1040 3817 1115 3879 loco
1133 3818 1262 3904 accepi·

189 3928 284 3970 «urus
298 3930 305 3971 2
321 3908 409 3972 unde
426 3911 520 3974 nobis
537 3935 665 3976 annuus
680 3931 859 4001 proventus
875 3931 1006 3979 centnm
1021 3917 1135 4004 viginti
1155 3918 1261 3981 talen·

220 4097 235 4153 ς
248 4098 292 4143 lll.
306 4098 358 4145 Pol.
372 4100 483 4162 listrerpt.
495 4103 553 4161 ch.
567 4112 621 4156 tot.
633 4104 730 4152 -liv,
741 4105 806 4167 Epis.
819 4106 909 4153 xlvt.
922 4132 957 4141 --
970 4080 1062 4169 PolynJ
