2654 4830
227 112 280 181 IN
309 113 424 181 LOC.
451 112 546 179 LIB.
573 111 716 178 XLVII
746 110 964 177 LIVIANI.
1085 108 1128 200 37

60 230 242 310 acciderat,
254 232 387 311 consul,
400 231 526 294 hostem
541 231 646 293 hieme
659 229 724 310 jam
741 244 914 315 appetente
925 225 1132 292 recedentem

61 334 233 396 insecutus
249 347 298 395 est
312 354 405 419 :spes
419 348 505 412 erat,
520 331 610 419 quod
627 333 753 411 evenit,
770 352 809 393 ex
824 329 901 392 anni
919 346 1081 416 tempore,
1101 344 1133 391 et

61 456 96 497 re
121 432 300 501 commode
325 450 426 523 gesta,
449 434 696 523 negligentiores
720 432 761 496 ad
785 430 964 496 custodiam
992 430 1132 520 regionis

61 535 229 599 Dalmatas
247 535 328 597 fore.

105 637 233 701 XXIII.
246 637 297 700 Illi
307 683 316 717 ,
326 634 391 715 jam
408 636 443 698 in
460 658 517 699 sua
533 633 652 724 oppida
668 633 793 722 dilapsi,
810 634 850 698 ad
865 635 983 697 famam
997 633 1133 696 venien·

61 738 102 803 tis
124 739 288 802 exerdtus
311 738 455 820 romani,
470 760 607 825 propere
626 751 875 824 congregantur.
897 734 960 798 Sed
981 735 1071 823 prius
1092 733 1133 797 ab

61 841 194 904 intento
217 841 310 904 hoste
334 839 459 919 disjecti
476 855 569 918 sunt,
588 860 685 925 quam
703 837 893 899 contrahere
910 837 992 899 viros
1010 826 1082 898 suas
1101 851 1134 898 et

61 939 216 1006 ordinare
231 956 374 1029 possent.
393 939 592 1004 Delminium
610 940 756 1027 plerique
774 939 849 1026 luga
868 937 1133 1001 contenderunt:

60 1043 327 1108 robustissimum
350 1043 412 1107 illis
432 1043 511 1106 locis
535 1039 708 1128 oppidum,
726 1056 758 1104 et
780 1039 885 1127 gentis
906 1037 1068 1125 caput.‘ld
1093 1058 1133 1101 ex

61 1144 178 1207 itinere
190 1166 380 1233 oppugnare
392 1164 577 1233 aggressus,
588 1164 690 1230 quum
703 1142 810 1228 primo
822 1141 948 1227 impetu
957 1140 1039 1203 nihil
1053 1140 1132 1229 egis·

58 1260 125 1327 set,
142 1244 377 1332 admoverique
390 1245 554 1309 machinas
563 1244 642 1324 loci,
652 1243 709 1306 ubi
726 1244 783 1306 sita
800 1243 878 1306 urbs
893 1256 976 1322 erat,
994 1241 1131 1305 altitudo

58 1361 198 1428 vetaret,
210 1345 251 1410 ad
266 1346 326 1410 aha
342 1347 468 1411 minora
482 1346 601 1434 oppida
618 1345 795 1409 exercitum
812 1343 1038 1409 circumduxit.
1049 1343 1130 1423 Quae

59 1445 118 1509 ubi
130 1462 225 1510 metu
240 1446 385 1510 hostium
399 1444 523 1510 deserta
537 1462 570 1510 ct
582 1468 681 1510 vacua
691 1446 797 1528 videt,
807 1445 1008 1510 Delminium
1021 1465 1129 1507 rever-

59 1547 152 1611 titur.
169 1547 258 1611 Urbs
273 1565 343 1612 erat
358 1549 432 1611 loco
450 1564 481 1610 et
498 1569 596 1634 opere
614 1548 759 1628 munita,
777 1546 834 1610 sed
854 1548 983 1610 inerant
998 1542 1131 1608 aedilicia

60 1646 166 1711 multa
184 1669 224 1710 ex
245 1647 334 1711 arida
352 1648 511 1712 materie:
532 1646 567 1711 id
584 1663 756 1735 postquam
780 1647 1040 1711 animadversum
1064 1661 1129 1727 est,

57 1748 159 1815 sudes
171 1749 360 1814 bicubitales
372 1751 475 1841 parari
490 1751 605 1814 consul
617 1751 727 1830 jubet,
742 1772 822 1839 quas
839 1750 910 1836 pice
924 1772 961 1813 ac
975 1748 1130 1835 sulphure

57 1850 173 1933 illitas,
187 1866 370 1939 stuppaque
387 1853 487 1917 multa
504 1853 675 1941 obligatas,
690 1850 856 1938 catapultis
872 1851 909 1922 in
922 1849 1039 1912 urbem
1055 1848 1131 1911 mit·

56 1968 188 2017 terent:
205 1967 238 2015 et
254 1941 408 2016 successit
426 1952 539 2034 dolus;
556 1952 669 2015 leviter
682 1952 839 2031 incensae,
853 1950 932 2013 dum
950 1970 1008 2036 per
1024 1968 1129 2010 aerem

56 2054 232 2136 feruntur,
246 2054 411 2143 ingentem
426 2055 492 2118 vim
505 2053 733 2144 concipiebant
750 2050 971 2130 flammarum,
983 2071 1056 2137 quas
1072 2046 1130 2109 ubi

55 2152 204 2219 aedificiis
216 2153 416 2235 incidissent,
429 2155 542 2218 vicinis
559 2155 746 2242 quibusque
761 2153 852 2216 facile
870 2149 1128 2238 comprehensis,

55 2272 190 2321 numm
204 2257 385 2320 excitarunt
402 2255 605 2339 incendium,
618 2272 674 2338 ut,
690 2279 730 2319 eo
752 2255 861 2318 multis
881 2254 1024 2315 hostiurn
1048 2273 1129 2314 con·

56 2356 218 2444 sumptis,
235 2357 345 2420 caeteri
361 2357 471 2419 venire
487 2357 520 2419 ln
540 2372 731 2443 potestatem
748 2370 950 2444 cogerentur.

101 2457 227 2522 XXIV.
238 2455 420 2537 Nescio,an
435 2457 498 2520 hoc
508 2478 610 2536 anno,
623 2457 706 2520 circa
717 2458 781 2520 hoc
791 2472 919 2542 tempus
935 2451 1130 2533 certe,AEha

57 2574 93 2623 et
105 2559 206 2624 Fusia
220 2559 323 2647 leges,
340 2581 358 2621 a
376 2557 507 2621 duobus
526 2558 664 2621 tribunis
686 2558 788 2646 plebis
812 2557 959 2643 perlatae,
979 2554 1128 2617 comitio-

60 2680 136 2724 rum
150 2659 245 2737 vitia,
263 2658 370 2745 quoad
388 2659 515 2721 occurri
534 2660 656 2745 potuit,
674 2658 860 2746 pleramque
879 2671 1002 2743 partem
1019 2671 1128 2719 sustu·

60 2760 179 2825 lerunt.
191 2760 275 2825 AElia
287 2761 466 2840 cavebatur,
480 2765 527 2823 uti
533 2763 662 2824 comitiis
674 2760 777 2846 legum
794 2760 885 2822 laud
900 2762 1002 2823 minas
1009 2809 1019 2839 ,
1033 2782 1130 2847 quam

57 2866 317 2953 magistratuum,
335 2863 374 2926 de
385 2863 465 2926 coelo
478 2862 638 2941 servandi,
658 2862 866 2926 obnuntiandt'
874 2910 884 2941 ,
903 2862 1128 2927 intercedendi»

57 2988 121 3053 que
140 2966 202 3055 jus
217 2979 298 3029 esset.
317 2965 413 3029 Fusia
429 2962 530 3053 sartis
547 2965 653 3027 diebus
673 2962 778 3051 legam
792 2961 1006 3050 firertdarum
1031 2985 1129 3026 causa

58 3090 134 3131 cum
152 3064 273 3156 populo
294 3070 354 3153 agi
373 3068 508 3130 vetabat.
533 3067 738 3153 Exceperunt
755 3065 873 3129 deinde
895 3067 930 3128 P.
956 3065 1127 3128 Cornehus

37 3168 96 3247 λΡ.
116 3170 153 3233 F.
170 3171 230 3232 Cn.
245 3168 285 3232 N.
304 3167 413 3255 Scipio
429 3168 557 3247 Nasica,
576 3169 620 3230 Μ.
639 3166 792 3230 Claudius
811 3166 855 3229 M.
872 3167 906 3230 F.
923 3167 966 3229 Μ.
986 3166 1027 3229 Ν.
1041 3164 1128 3228 Mar·

31 3270 161 3363 „cellas
173 3317 182 3350 ,
196 3285 334 3356 uterque
347 3269 464 3331 iterum
482 3270 640 3332 consules.
660 3270 785 3331 Horum
800 3267 944 3356 Scipioni
957 3267 1127 3346 Dalmatae,

22 3408 26 3415 ·
57 3370 216 3435 Marcello
234 3370 366 3457 Ligures
384 3386 416 3431 et
429 3369 546 3458 gallicae
562 3369 736 3457 provinciae
753 3382 939 3431 evenerunt.
956 3367 1004 3429 Ex
1020 3383 1130 3453 praeto·

58 3473 152 3537 ribus
168 3470 266 3535 unius
276 3473 315 3535 A.
331 3471 490 3535 Postumii
505 3472 614 3536 Albini
630 3471 767 3534 maxime
780 3487 857 3534 nota
868 3493 937 3534 sors
951 3485 1013 3549 est,
1030 3491 1128 3556 quern-

93 3698 111 3763 §
128 3698 215 3746 xm
223 3696 288 3745 vett.
305 3698 331 3757 1,
351 3698 390 3747 15.
404 3724 438 3734 -
453 3697 503 3746 tut.
519 3697 610 3762 Obseq.
629 3725 664 3734 --
680 3697 768 3761 Polyb.
785 3699 900 3761 Excerpt.
917 3698 998 3759 Legat.
1017 3709 1073 3754 ¹²7·
1091 3720 1127 3732 -ν

58 3781 148 3845 Polyb.
157 3780 224 3846 apud
233 3781 314 3829 vaes.
326 3808 360 3817 -
373 3781 480 3845 Appian.
492 3782 561 3846 lllyr.
572 3809 608 3820 -
622 3783 675 3831 Liv.
690 3782 758 3845 Epit.
771 3782 874 3830 XLVII.
890 3808 923 3818 --
935 3778 950 3839 S
964 3780 1062 3830 xxttt.
1074 3777 1128 3824 Lis.

56 3864 126 3930 Epir.
136 3891 173 3902 -
181 3863 290 3932 Appitn.
302 3891 337 3902 -
347 3865 411 3913 Iler.
421 3865 467 3923 tv,
480 3880 518 3913 12.
