2654 4830
9 67 185 155 agendum
200 65 299 145 foret,
313 65 474 152 potiorem
487 87 520 126 se
539 67 688 129 futurum
700 84 809 149 ratus,
826 92 878 131 ar·

29 191 187 255 occupare
208 190 274 228 non
295 166 429 230 distulit.
450 168 489 228 Et
506 188 620 253 agrum
638 168 769 253 quidem
786 170 879 234 facile

9 270 104 332 ,³oenis
115 292 218 355 quum
233 268 308 330 alias
324 267 364 329 ad
378 269 537 330 terrestria
551 268 632 330 bella
652 269 759 332 minus
776 272 877 358 aptis,

9 369 156 432 :liuturna
176 393 254 456 pace
270 368 527 456 languidioribus
544 391 551 431 :
570 367 689 456 oppida
706 387 812 433 tamen
832 371 886 435 illi.

14 473 75 534 Hic
89 494 196 533 rerum
211 487 310 533 status
327 487 483 556 utrosque
495 470 640 557 impulit,
656 486 694 533 ut
708 471 746 533 iis
762 471 803 535 de
816 471 880 534 liti·

10 589 74 635 tter
87 573 208 659 legatos
225 573 391 634 mitterent
407 572 561 652 Romam;
579 571 732 634 deteriori
748 593 877 659 semper

10 673 186 735 tonditione
203 695 330 758 :neque
347 670 484 735 dubium
496 689 582 751 erat,
599 673 680 758 quin
699 694 794 737 eausa
811 673 878 737 vin·

10 798 30 836 n
48 790 80 836 et
96 773 279 852 Masinissa,
298 794 401 859 quum
412 772 505 834 annis
523 773 646 858 aliquot
660 789 754 836 antea
772 794 880 860 perse·

10 875 215 962 phtberatum
242 873 434 960 quenulam,
454 874 511 959 qui
534 896 553 936 a
580 895 654 962 rege
682 873 877 958 desciverat,

10 999 15 1012 ³
28 975 192 1061 regionem
206 975 316 1053 istam,
327 991 364 1036 ut
375 974 530 1054 alienam,
541 975 687 1060 precario
698 977 877 1061 postulato,

13 1098 31 1137 a
44 1075 231 1163 negabatur,
245 1075 365 1137 omisso
376 1122 386 1155 ,
396 1074 712 1162 Carthaginiensium
721 1076 775 1155 jus
790 1076 877 1141 affir-

10 1332 12 1337 .
31 1292 218 1339 senatorum
237 1277 384 1365 plerique
403 1277 503 1366 magis
524 1275 566 1339 ad
582 1276 690 1357 utilia,
713 1299 811 1365 quam
835 1277 876 1341 ad

10 1378 140 1456 tientes,
165 1379 232 1466 regi
258 1377 536 1465 gratificabantur,
560 1376 641 1440 adeo
664 1399 741 1442 cum
765 1394 877 1466 aperta

13 1479 129 1558 njuria,
145 1494 259 1541 utnon
275 1478 373 1542 modo
388 1475 595 1558 urbibus,de
607 1477 727 1564 quibus
743 1493 875 1542 contro·

14 1579 126 1640 sinissa
143 1595 305 1658 moverat,
316 1579 414 1666 exigi,
430 1577 488 1642 sed
505 1595 538 1641 et
551 1578 727 1666 quingenta
742 1579 876 1667 insuper

10 1695 111 1740 {tuum
123 1695 352 1766 perceptorum
361 1679 604 1764 nomine,quasi
618 1679 707 1742 malae
719 1678 794 1742 fidei
807 1701 879 1767 pos·

10 1779 126 1842 endere
150 1796 349 1865 paterentur.
370 1779 501 1866 Quippe
519 1779 682 1843 decretam
700 1802 719 1842 a
735 1801 770 1843 se
790 1780 876 1869 lega·

10 1881 80 1943 rdiu
96 1880 306 1959 distulerant,
324 1879 428 1943 donee
445 1879 530 1968 adigi
555 1902 572 1942 a
589 1903 663 1969 rege
684 1880 725 1944 ad
748 1881 875 1969 iniquas

11 1999 151 2044 tossent:
173 1997 241 2042 tum
261 1980 392 2043 demum
418 2003 436 2042 a
458 1981 563 2042 Roma
585 1980 697 2066 legati,
714 1996 748 2044 et
766 1981 802 2044 in
824 1981 876 2046 his

11 2101 160 2146 enerunt.
179 2084 236 2145 His
253 2082 420 2145 Masinissa
437 2079 570 2167 quidem
586 2080 757 2144 arbitrium
774 2082 875 2146 totius

11 2183 37 2245 le
51 2184 259 2269 permittere:
274 2182 380 2261 l’oeni,
396 2180 486 2270 quod
499 2179 714 2267 desperabant
728 2204 825 2270 oequo
841 2206 876 2248 se

15 2332 23 2363 ‚
38 2274 173 2372 negare,
187 2283 254 2346 ullo
265 2307 343 2346 novo
359 2284 490 2346 arbitrio
503 2304 579 2370 opus
595 2304 657 2345 esse
669 2305 680 2343 :
687 2280 805 2370 foedus
820 2284 881 2348 sibi

11 2382 100 2445 tultos
117 2399 192 2446 aitte
206 2407 308 2445 unitos
325 2394 452 2446 auctore
468 2381 610 2468 Scipione
624 2401 827 2467 pemwswn:
841 2383 879 2446 id

11 2509 42 2548 re
63 2501 92 2548 et
114 2483 179 2550 fide
190 2486 458 2548 contrahentium.
474 2505 571 2548 auam
583 2485 770 2546 correctione
786 2482 874 2548 ulla.
