2654 4830
212 349 256 393 20
389 324 457 389 JO.
484 320 828 389 FREINSIIEMII
858 320 1104 388 SUPPLEM.
1316 322 1319 437 q

209 443 464 510 domesticorum
486 463 597 504 secum
619 442 771 520 retentis,
787 456 933 505 ceteram
954 441 1084 505 turbam
1099 439 1273 529 praecedere
1317 470 1319 505 ι

112 603 114 607 .
207 545 389 634 Anagniam
404 544 517 623 jubet;
534 558 566 607 et
581 565 657 607 cum
674 543 808 606 canibus
824 557 1045 631 apparatuque
1056 543 1223 626 venatico,
1237 540 1274 607 ad

208 649 367 712 Circaeum
377 645 438 709 sibi
452 666 644 710 occurrere:
661 667 735 707 nam
747 644 793 707 ibi
812 666 898 731 saepe
912 659 1008 708 antea
1020 644 1189 711 venationi
1201 667 1273 732 ope-

209 772 278 813 ram
292 747 369 812 dare
386 761 608 811 consueverat.
623 744 714 811 Idem
731 745 769 809 fit
782 769 799 809 a
815 747 955 827 caeteris,
972 768 1055 833 quos
1066 746 1195 812 consilii
1206 768 1273 835 par·

208 850 340 939 ticipes,
354 849 479 935 riteque
494 848 629 912 comites
643 848 765 935 legerat
777 848 833 911 :in
855 849 977 934 quibus
993 864 1027 911 et
1038 848 1185 913 Nicanor
1199 848 1274 928 Iuit,

208 973 286 1015 mox
297 950 482 1038 precipuae
493 949 684 1012 amicorum.
698 949 724 1012 Ii
738 971 814 1012 cum
826 949 960 1036 singulis
971 950 1081 1037 pueris
1091 947 1134 1013 ad
1146 971 1273 1028 navem,

208 1075 280 1140 quae
292 1050 334 1116 ad
351 1051 477 1117 Ostiam
493 1050 613 1131 stabat,
632 1071 701 1115 sese
718 1050 893 1115 conferunt
906 1074 913 1114 :
928 1052 1018 1115 venit
1031 1049 1149 1115 eodem
1162 1052 1275 1115 Deme·

132 1220 136 1233 ,
208 1154 310 1234 trius,
327 1152 513 1240 reperitque
530 1149 782 1239 Menithyllum,
804 1152 861 1239 qui
883 1153 991 1216 nautis
1008 1152 1150 1217 obtentu
1170 1153 1274 1215 notia

208 1277 285 1343 rege
301 1253 444 1325 mandati
461 1268 610 1331 excusat,
626 1253 714 1340 quod
724 1255 787 1340 ipse
803 1268 936 1341 mqroeat
947 1253 1123 1319 ducedem:
1136 1267 1275 1319 catorum

207 1357 375 1445 sejuveraes
394 1358 467 1419 istos
475 1350 715 1443 probatoefldei
729 1354 775 1417 ad
789 1353 879 1419 illum
894 1358 1024 1420 mittere.
1038 1356 1115 1421 Non
1135 1355 1275 1419 interfuit

208 1473 398 1538 nautarum,
412 1479 496 1544 quos
513 1473 659 1520 vectores
673 1457 839 1537 tollerent,
859 1455 1126 1544 quandoquidem
1140 1455 1185 1521 de
1197 1478 1274 1521 mer·

209 1559 289 1624 cede
302 1561 385 1623 nihil
395 1558 474 1644 ipsis
485 1556 672 1622 decedebat.
682 1559 797 1643 ltaque
809 1559 913 1645 prima
925 1560 998 1622 luce
1009 1559 1144 1623 sublatis
1156 1557 1273 1623 ancoris
1315 1602 1319 1643 ,

207 1661 279 1726 vela
298 1661 470 1739 fecerunt,
489 1656 530 1720 de
553 1657 727 1721 comitibus
744 1659 810 1722 suis
825 1675 941 1746 praeter
962 1657 1013 1737 id,
1034 1657 1125 1745 quod
1139 1681 1160 1722 a
1177 1658 1272 1723 Meni·
1315 1668 1319 1749 l

209 1763 313 1851 thyllo
329 1774 539 1847 acceperant,
563 1759 644 1822 nibil
667 1760 830 1846 suspicati.
848 1761 917 1823 Hac
936 1758 1051 1823 fraude
1070 1758 1273 1846 quatriduum

209 1864 306 1945 abiit,
324 1862 513 1951 priusquam
532 1859 665 1948 defuga
684 1860 839 1923 Demetrii
854 1860 1040 1924 dubitatum
1056 1875 1113 1924 est

253 1963 406 2029 XXXVI.
419 1962 545 2044 Quinto
560 1960 692 2025 demum
707 1961 761 2025 die
771 1978 901 2025 coactus
913 1962 1041 2027 obeam
1055 1984 1126 2027 rem
1140 1979 1276 2040 senatus,

210 2067 287 2156 quia
309 2065 451 2129 multum
472 2064 596 2127 itineris
619 2062 672 2126 ille
690 2063 756 2142 jam
780 2078 993 2150 praeceperat,
1015 2061 1152 2127 minime
1172 2085 1282 2150 prose·

211 2165 382 2254 quendum
402 2187 471 2228 esse
488 2163 624 2227 censuit.
644 2163 709 2231 Sed
730 2164 818 2228 haud
836 2164 940 2227 multo
957 2180 1032 2250 post
1047 2178 1217 2250 tempore,
1232 2165 1284 2230 Ti.

211 2267 415 2347 Gracchum,
425 2269 461 2331 L.
473 2265 665 2346 Lentulum,
676 2282 710 2328 et
720 2267 888 2330 Servilium
903 2265 1070 2329 Glauciam
1081 2263 1122 2330 ad
1135 2287 1187 2329 res
1198 2266 1291 2331 Grat-

207 2371 266 2435 ciae
282 2366 500 2455 inspiciendas
518 2366 679 2431 nriserunt
693 2390 701 2430 :
719 2368 757 2433 iis
775 2367 984 2442 mandatum,
1003 2381 1038 2430 ut
1049 2391 1093 2430 ea·
1113 2366 1241 2433 Graecia
1250 2367 1290 2429 in

207 2474 319 2537 Asiam
331 2467 571 2555 transjicieruas,
582 2490 680 2554 quum
690 2467 825 2531 alibrum
838 2491 945 2556 region
954 2514 964 2546 ,
976 2480 1046 2531 tum
1050 2469 1213 2555 proecq'oue
1222 2468 1290 2531 Da·

208 2573 313 2639 tnetrd
320 2568 449 2639 comdiis
465 2567 711 2655 specularentur.
731 2569 851 2632 Datum
866 2570 962 2632 etiam
979 2568 1149 2656 negotium
1166 2583 1235 2649 est,
1250 2572 1287 2631 ut

210 2693 322 2759 regum
335 2694 407 2736 cum
427 2669 637 2756 Gallograeci
654 2673 880 2733 controversias
886 2670 1093 2758 judicarent:
1105 2669 1282 2756 praesertim

209 2773 358 2838 Graccho
375 2770 578 2852 injunctum,
596 2784 632 2834 ut
648 2770 695 2832 tis
709 2772 797 2833 rebus
811 2772 1095 2858 omnibusproesens
1106 2782 1278 2857 superasset.

211 2872 257 2938 M.
276 2871 394 2937 deinde
408 2872 556 2934 Valerius
573 2871 618 2935 M.
636 2873 671 2935 F.
689 2873 734 2935 M.
751 2872 792 2935 N.
810 2872 961 2951 Messala,
979 2873 1015 2935 C.
1033 2871 1179 2935 Fannius
1196 2875 1232 2937 C.
1248 2871 1276 2937 F.

138 3049 141 3056 Ι
211 2974 248 3038 C.
263 2973 305 3038 N.
323 2971 439 3036 Strabo
455 2972 660 3035 consulatum
678 2991 883 3060 acceperunt.
904 2974 942 3035 ln
959 2974 1079 3036 horum
1094 2974 1279 3063 magistratu

210 3073 436 3139 conviviorum
452 3072 544 3135 luxui
555 3072 684 3137 obviam
700 3074 799 3155 itum,
814 3075 871 3161 qui
887 3090 972 3149 tum,
987 3090 1025 3137 ut
1037 3073 1134 3139 rebus
1149 3097 1280 3164 prospe·

209 3175 253 3238 ris
268 3175 402 3237 solenne
415 3189 480 3254 est,
492 3173 527 3235 in
539 3172 606 3237 dies
620 3176 860 3262 sumptuosiora
880 3175 1128 3263 intemperantia
1143 3177 1282 3242 valesce·

208 3277 274 3340 bat.
296 3276 412 3363 Neque
429 3275 481 3339 lex
503 3275 617 3354 Orcia,
637 3299 734 3363 quam
753 3278 905 3342 vicesimo
919 3293 993 3341 ante
1008 3299 1096 3340 anno
1111 3277 1149 3340 C.
1167 3277 1283 3343 Orcius

210 3376 251 3441 de
276 3390 406 3439 senatus
431 3376 590 3440 sententia
614 3376 646 3439 in
666 3378 836 3443 tribunatu
856 3381 993 3459 tulerat,
1017 3395 1152 3443 ruentes
1178 3401 1286 3445 mores

210 3478 285 3542 satis
306 3477 502 3559 sustinebat,
528 3479 653 3543 etiamsi
676 3497 882 3544 servaretur:
902 3481 977 3567 quia
997 3501 1140 3544 numero
1156 3495 1286 3545 tanturn

212 3580 422 3644 convivarum
433 3580 586 3661 coercito,
598 3596 746 3644 coetcram
758 3583 927 3669 epularum
939 3581 1099 3645 luxuriem
1109 3581 1181 3645 sine
1191 3581 1289 3648 freno

212 3681 395 3765 reliquerat.

256 3780 426 3844 XXXVII.
451 3780 559 3845 Crevit
578 3781 694 3872 igitur,
712 3800 750 3846 ut
773 3806 856 3872 saepe
875 3781 930 3863 fit,
955 3784 1117 3849 irritatum
1139 3782 1291 3850 remedio

245 3984 262 4051 S
274 3987 386 4035 XXXV.
397 3987 500 4052 Ioseph.
511 3990 571 4048 ΧΠ,
583 3991 770 4050 17.-Justin.
782 3993 904 4051 xxm,
915 3989 1290 4059 3.-aolyb.-sxxxv1.

215 4069 278 4124 Fasti
289 4069 396 4132 Capitol.
407 4098 442 4106 -
451 4072 562 4120 Macrob.
574 4074 693 4122 Satur-nul.
704 4077 741 4133 II,
757 4077 796 4122 13.
