2654 4830
296 331 348 400 IN
379 329 493 399 LOC.
519 330 613 401 LIB.
641 330 762 398 XLVI
792 328 970 397 LIVIAN
977 333 1003 397 1.
1162 327 1183 399 3

108 450 149 513 ad
166 470 271 539 quam
288 448 492 533 mittebatur,
506 472 613 539 neque
627 450 719 515 famae
734 450 821 533 ejus,
837 472 910 539 quae
926 450 1090 531 mittebat,
1108 453 1185 541 satis

108 552 290 617 convenire
306 551 372 615 visa
385 567 443 616 est.
454 552 518 615 Pro
532 552 710 635 Haliartiis‚
725 574 868 641 quorum
883 551 998 616 urbem
1011 553 1046 617 C.
1063 553 1182 617 Lucre·

109 652 177 717 tius
195 668 319 741 praetor
333 652 420 717 bello
439 653 547 717 Persei
563 651 737 734 deleverat,
757 652 978 741 nequidquam
1000 651 1184 741 depremta3

111 754 246 840 prolatis
264 754 334 818 aliis
355 753 514 821 mandatis
536 768 670 844 repente
691 755 788 819 vertit
811 778 1014 837 sermonem,
1036 772 1069 819 et
1090 778 1184 845 agros

115 855 330 936 miserorum,
346 878 414 944 quo
434 855 585 945 precibus
601 857 668 921 suis
683 856 796 936 juvare
817 857 1043 940 instituerant,
1060 857 1184 946 populo

117 956 295 1023 atheniensi
313 958 506 1047 petiverunt.
531 958 659 1021 Minore
680 954 903 1046 indignatione
925 972 1094 1046 acceptum
1116 974 1184 1039 est,

122 1057 206 1145 quod
222 1059 331 1123 Delon
351 1074 385 1123 et
404 1060 567 1123 Lemnum
590 1056 710 1123 insulas
736 1058 862 1122 restitui
881 1059 943 1123 sibi
961 1059 1183 1146 postulavere3

125 1178 192 1223 nam
204 1182 258 1225 eas
271 1176 305 1225 et
319 1159 400 1223 olim
412 1159 625 1223 obtinuerant
637 1152 769 1247 :ltaque
779 1175 860 1225 tunc
874 1182 1007 1249 quoque
1023 1160 1115 1226 reddi
1129 1183 1182 1225 se·

129 1274 210 1323 naurs
220 1261 329 1341 jussit.

163 1362 215 1427 Ν.
224 1362 294 1427 Sub
303 1360 391 1427 idem
398 1361 941 1451 tempusTbeaetenrs,Rbodiorum
953 1363 1086 1452 legatam,
1093 1365 1183 1452 apud

134 1460 225 1529 latres
233 1464 335 1529 verbs
346 1462 388 1529 de
402 1464 554 1528 societate
566 1464 644 1529 lecit
657 1486 665 1528 :
676 1462 735 1528 sed
746 1487 849 1552 quum
863 1486 914 1528 res
926 1465 961 1527 in
974 1467 1063 1529 curia
1079 1469 1185 1532 trahe·

136 1578 217 1647 tetur,
233 1564 286 1630 ille
305 1576 444 1629 moerore'
459 1579 492 1628 et
508 1563 603 1628 anuis
617 1586 789 1653 oppressus
805 1564 993 1652 (eratenim
1008 1582 1184 1656 octogena·

106 1718 108 1723 .
138 1662 175 1727 rio
188 1664 315 1753 maior),
333 1664 421 1730 diem
439 1687 537 1729 suum
555 1665 646 1729 obiit.
665 1666 886 1753 Supervenere
906 1666 1024 1732 deinde
1043 1671 1185 1736 Caunio-

106 1796 109 1857 ,
140 1786 196 1829 rum
207 1784 237 1832 et
248 1767 541 1832 Stratonicensium
553 1767 694 1848 exsules,
709 1767 856 1855 urbesque
874 1790 947 1833 suas
959 1785 1072 1835 contra
1088 1796 1185 1861 quam

106 1868 108 1875 ’
140 1873 237 1935 muti
239 1868 421 1958 placuisset,
432 1868 627 1934 Rbodtbrtun
634 1868 791 1956 praesidiis
801 1873 907 1951 teneri,
918 1874 1042 1959 questi,
1060 1898 1184 1940 novum

142 1964 328 2057 impetravere
344 1962 679 2051 senatusconsultum,
696 1992 764 2056 quo
783 1971 921 2036 urbibus
938 1974 1006 2038 istis
1029 1978 1184 2043 excedere

144 2066 236 2137 llbodii
244 2073 455 2155 jubebantur.
466 2073 569 2137 Erant
576 2069 684 2135 adhuc
695 2071 729 2133 in
741 2070 830 2135 Urbe
837 2072 1039 2161 Philophron
1047 2093 1080 2141 et
1091 2081 1184 2169 Asty·

144 2171 227 2239 aedes
242 2199 250 2239 ε
265 2196 350 2263 quos
371 2196 474 2262 quum
491 2175 627 2263 cepisset
642 2188 767 2252 metus,
786 2196 828 2236 ne
857 2174 993 2240 civitatis
1016 2200 1081 2241 suae
1102 2203 1183 2244 con-

114 2350 117 2363 Ι
146 2275 254 2339 umus
275 2278 502 2341 Romanorum
532 2275 611 2337 iram
643 2289 825 2361 asperaret,
851 2275 1019 2341 validiores
1048 2282 1183 2366 parendi

145 2387 263 2441 ittctorea
279 2376 399 2459 tumn,
410 2376 438 2440 si
452 2374 586 2441 coetibus
598 2374 735 2461 publicis
752 2375 962 2459 interessent,
977 2381 1136 2445 continuo
1149 2383 1184 2447 in

145 2476 250 2553 Pttt'iam
263 2494 342 2543 sunt
353 2476 499 2565 profecti.
510 2477 615 2541 Movit
628 2477 868 2563 repraesentatio
885 2476 1079 2546 discriminis
1091 2484 1182 2548 Rho-

145 2567 255 2661 dios,ut
266 2602 335 2647 non
350 2578 450 2643 modo
467 2579 573 2641 statim
585 2575 775 2642 deducenda
785 2597 935 2643 curarent
951 2586 1095 2669 praesidia
1105 2640 1114 2672 ,
1126 2592 1184 2657 sed

143 2675 413 2773 ‘fianlegationem
423 2678 634 2744 decernerent
644 2680 799 2758 Romam,
812 2701 883 2766 quae
893 2680 934 2744 de
945 2687 1097 2752 societate
1108 2713 1184 2755 con-

143 2768 278 2869 iungenda
295 2781 387 2847 omni
403 2802 466 2867 ope
482 2777 702 2843 contenderet.
722 2778 912 2843 Aristoteles
929 2784 1097 2871 legationis
1114 2794 1182 2871 ejus

142 2894 215 2967 upnt
226 2900 316 2949 erat:
333 2883 362 2947 is
376 2903 479 2969 quum
497 2877 605 2943 adulta
617 2879 682 2957 jam
701 2894 808 2943 aestate
826 2880 860 2943 in
878 2883 1000 2949 Urbem
1018 2896 1183 2975 pervenis-

143 2985 381 3073 ttt,obsequium
391 2980 596 3047 Rhodiorum
608 2996 641 3043 ct
652 2998 834 3067 promptam
848 2983 887 3045 ad
898 2988 1078 3071 parendum
1087 2996 1183 3061 etiam

140 3076 208 3151 bris
230 3086 373 3175 imperiis
395 3084 597 3149 voluntatem
624 3082 796 3168 exposuit:
822 3081 939 3149 deinde
966 3087 1006 3152 de
1032 3095 1183 3160 societate

137 3180 256 3253 ineunda
274 3188 377 3251 multa
397 3185 496 3250 verba
519 3184 613 3264 fecit,
635 3182 723 3245 vario
748 3204 897 3249 sermone
920 3210 997 3253 usus
1021 3192 1062 3256 ad
1080 3218 1183 3283 expu-

131 3289 260 3377 gnandos
276 3284 434 3353 iratorum¹
446 3288 583 3351 animos.
600 3287 643 3349 At
658 3284 766 3347 Patres
782 3284 822 3347 ad
840 3303 1019 3354 extremum
1036 3296 1184 3360 amicitia

130 3408 262 3455 neutram
282 3391 316 3453 iu
344 3405 469 3477 partem
491 3386 573 3449 facta
590 3385 772 3469 mentione,
794 3388 1053 3473 responderunt:
1075 3413 1110 3458 ut
1133 3423 1183 3460 so-

123 3492 209 3555 ca'etas
226 3494 260 3553 in
272 3490 445 3577 proesentia
464 3486 595 3551 thodiis
614 3486 751 3565 daretur,
772 3510 816 3549 cac
835 3487 991 3571 digmtate
1000 3497 1115 3582 populi
1131 3523 1182 3562 ro.

120 3596 205 3656 mani
225 3615 289 3655 nou
311 3591 426 3654 uideri.

159 3694 196 3757 l'.
214 3694 323 3758 Ludos
338 3693 459 3755 interea
473 3691 668 3778 megalenses
682 3689 727 3752 bl.
742 3690 889 3771 Fulvius,
903 3694 956 3756 Μ’.
971 3697 1091 3763 Acilius
1111 3700 1184 3764 Gla.

113 3797 186 3861 bn'u
203 3794 311 3859 aediles
334 3794 463 3857 curules
482 3790 663 3855 ediderunt.
678 3792 898 3874 *lirrnsulibum
927 3796 1016 3859 nullo
1044 3821 1181 3888 usquam

143 4004 161 4069 5
175 4006 223 4053 111.
237 4002 290 4051 Pol.
302 4003 416 4065 llxcerpt¹
427 4003 508 4063 legat.
519 4002 561 4061 98.
573 4000 680 4047 -vett
693 4002 716 4058 1,
729 4010 752 4054 a.
766 4028 800 4036 -
814 4000 830 4065 S
843 4002 888 4049 tv.
902 4004 956 4051 Pol.
971 4007 1087 4071 Excerpt.
1099 4011 1183 4072 Legat.

107 4104 146 4155 99
157 4100 182 4137 et
198 4102 257 4135 too.
