2654 4830
296 316 348 401 rrr'
375 293 490 401 Loc.
517 331 612 399 ma.
638 328 780 398 xuvrr
809 323 1026 400 arvum.
1147 336 1192 428 47

105 455 223 518 Nocte
248 452 385 516 demum
407 450 618 515 incumbente
642 450 787 538 prelium
806 449 1005 539 diremptum
1022 467 1088 534 est,
1104 453 1194 519 baud

105 555 171 620 levi
190 554 355 641 utrinque
372 552 514 616 damno:
535 553 656 640 quippe
671 554 771 616 Carus
791 552 967 641 imperator
982 555 1144 637 hostium,
1161 573 1195 620 et

105 669 191 720 cum
207 678 253 719 eo
265 676 321 718 sex
332 654 432 718 millia
448 651 651 732 ceciderunu
666 669 699 716 et
709 675 767 741 par
780 675 938 717 numerus
954 655 1073 718 civium
1087 679 1195 720 roma·

105 756 240 821 norum
254 754 455 831 desideratus
468 770 526 818 est.
536 754 613 818 Dies
626 740 722 816 etiam
732 754 800 840 ipsa
812 754 1061 840 (Vulcanalibus
1072 778 1195 846 pugna·

105 875 185 923 tum
201 857 325 944 fuerat)
340 879 380 919 ex
396 879 436 920 eo
454 874 599 943 tempore
615 855 700 918 inter
715 871 798 918 atras
811 855 961 921 habetur.
978 858 1109 920 Arvacci
1125 859 1155 921 N
1158 880 1195 920 u·

105 961 278 1025 mantiam
292 983 327 1023 ea
342 973 440 1022 noete
453 957 603 1046 digressi,
619 979 722 1020 novos
736 957 946 1042 imperatores
961 958 1146 1023 Ambonem
1160 975 1193 1022 et

105 1064 308 1126 Leuconem
327 1059 542 1123 constituunt.
704 1126 713 1151 ν

154 1164 353 1227 xxxvffl.
379 1160 519 1240 Consul,
534 1158 661 1222 refectis
685 1182 821 1223 suorum
844 1160 978 1241 animis,
999 1161 1094 1224 tertio
1117 1179 1192 1250 post

107 1263 167 1329 die
184 1267 309 1329 iterum
327 1263 369 1327 ad
385 1260 512 1326 bostem
535 1261 644 1343 ducit,
662 1261 752 1325 etad
773 1263 835 1325 tria
857 1262 955 1324 millia
976 1284 1130 1348 passuum
1150 1263 1190 1326 ab

110 1367 201 1430 urbe
218 1366 315 1454 ponit
329 1379 442 1428 castra.
461 1363 539 1445 Quo
553 1385 655 1450 quum
678 1379 864 1450 opportune
880 1361 995 1425 auxilia
1013 1361 1190 1427 Masinissae

112 1467 220 1556 regis,
233 1464 385 1530 Numidae
399 1464 534 1528 trecenti
545 1511 553 1543 ,
564 1486 640 1526 curn
652 1462 765 1526 decem
776 1449 954 1552 elephantis
968 1462 1188 1547 advenissent,

118 1569 247 1655 copiam
261 1565 428 1657 pugnandi
441 1563 592 1628 hostibus
606 1564 690 1628 lacit.
708 1564 775 1646 Qui
792 1586 894 1650 quum
912 1580 945 1626 et
961 1563 1024 1651 ipsi
1039 1563 1190 1628 ferociter

120 1669 372 1756 procurrissent,
387 1666 496 1730 subito
509 1664 650 1729 diductis
665 1687 801 1729 suorum
814 1664 1003 1747 ordinibus,
1017 1666 1188 1730 collocatas

126 1768 240 1834 adhoc
261 1792 278 1832 a
306 1785 398 1855 tergo
420 1768 543 1831 belluas
561 1764 704 1830 ostendit
728 1767 1030 1854 necopinantibus.
1053 1769 1188 1849 Hostes,

130 1872 195 1958 equi
209 1871 353 1956 virique,
366 1891 452 1932 noro
466 1868 650 1956 spectaculo
663 1867 848 1947 conterriti,
863 1867 966 1930 effusa
980 1867 1058 1956 fuga
1072 1868 1188 1931 urbem

105 1976 108 2039 ἕ
134 1987 291 2059 repetam:
302 1971 402 2034 instat
411 1969 612 2058 fugientibus
623 1968 752 2048 consul,
762 1969 893 2055 jamque
902 1968 964 2030 sub
978 1969 1065 2054 ipsos
1076 1990 1188 2031 muros

105 2048 109 2137 l
137 2074 327 2158 pertinaciter
346 2073 551 2151 certabatur3
567 2093 669 2158 quum
687 2092 773 2132 unus
790 2093 828 2132 ex
847 2069 1025 2155 elephantis
1041 2092 1117 2132 saxo
1137 2092 1190 2132 ca·

105 2160 108 2241 l
139 2189 184 2257 put
193 2174 337 2252 saueius,
350 2172 630 2260 ingenti'barritu,
640 2186 672 2233 et
682 2192 759 2234 mox
772 2171 917 2233 tumultu
931 2192 968 2233 ae
982 2186 1086 2259 strage
1101 2193 1189 2235 com·

105 2254 109 2395 l
140 2273 218 2359 plerit
233 2276 344 2339 omnia
364 2297 372 2338 ε
392 2298 467 2338 nam
494 2291 526 2338 et
541 2274 664 2353 caeteri,
681 2295 760 2336 voce
781 2273 878 2353 hujus
902 2273 1047 2354 excitati,
1071 2272 1187 2336 eodem

142 2373 231 2443 lurore
260 2400 397 2441 suorum
427 2376 682 2463 perrumpebant
710 2375 964 2461 sternebantque
991 2373 1185 2461 manipulos.

141 2472 329 2557 Numantini,
350 2478 487 2541 contuiti
511 2478 579 2540 haec
603 2498 642 2539 ex
658 2475 835 2550 moenibus,
857 2475 914 2539 ubi
937 2477 1103 2539 Romanos
1125 2476 1188 2538 im·

105 2588 109 2655 l
141 2592 230 2658 petum
250 2578 432 2641 belluarum
450 2578 564 2641 solutis
579 2576 749 2640 ordinibus
762 2575 923 2640 declinare
937 2577 1063 2659 vident,
1079 2599 1187 2639 erum-

105 2674 108 2737 l
141 2693 203 2758 punt
213 2679 328 2766 portis,
340 2679 528 2765 palatosque
539 2678 717 2766 assequuti‚
728 2676 769 2740 ad
784 2693 924 2764 quatuor
933 2677 1106 2740 hominurn
1122 2678 1190 2740 mil·

105 2798 109 2845 l
141 2773 217 2859 luet
225 2781 414 2868 elephantos
426 2796 488 2843 tres
498 2779 696 2843 interficiunt
707 2803 714 2842 :
727 2780 902 2865 multisque
913 2781 1010 2842 armis
1023 2779 1188 2868 signisque

105 2848 109 2889 ι
141 2877 313 2945 militaribus
323 2881 436 2969 potiti,
447 2903 522 2943 cum
532 2880 675 2969 tripudio
689 2881 740 2943 sui
753 2881 852 2942 moris
868 2880 901 2942 in
916 2879 1075 2967 oppidum
1086 2902 1189 2944 rever·

141 2988 252 3060 tuntur3
268 3003 372 3068 quum
390 2980 534 3067 ipsorum
550 3003 681 3067 quoque
692 2980 758 3043 duo
779 2981 880 3043 ferme
896 2981 995 3044 millia
1007 2983 1186 3070 periissent.

168 3081 319 3147 XXXIX.
337 3086 406 3147 Hac
423 3084 555 3146 lortuna
569 3104 636 3145 non
659 3083 835 3145 insolenter
856 3082 906 3144 usi
927 3083 1053 3165 hostes,
1070 3084 1188 3146 misere

140 3175 240 3268 legatos
257 3184 300 3247 ad
320 3206 433 3271 pacem
453 3185 553 3272 aequis
571 3183 814 3248 conditionibus
830 3183 1003 3273 petendam
1026 3206 1187 3271 :respon-

141 3299 195 3345 sum
205 3302 252 3348 est
261 3309 300 3348 ex
314 3285 470 3374 dignitate
483 3286 608 3349 romani
624 3286 766 3349 nominis
778 3307 907 3372 ,pacem
921 3287 984 3347 nisi
993 3282 1104 3347 deditis
1117 3284 1191 3348 dari

141 3399 188 3445 tou
203 3409 301 3474 posse.
324 3389 367 3451 At
388 3389 524 3468 consul,
543 3405 581 3451 ut
603 3389 746 3476 primum
771 3384 963 3450 confirmare
979 3409 1056 3450 suos
1073 3409 1112 3450 ex
1129 3385 1187 3449 ad·

142 3498 213 3548 verso
231 3510 307 3551 casu
325 3489 452 3575 potuit,
479 3490 641 3551 Axenium
664 3488 781 3551 urbem
802 3487 932 3574 petivit,
957 3489 1016 3551 ubi
1036 3487 1189 3552 Celtiberi

144 3602 362 3653 commeatuum
376 3591 442 3653 vim
460 3612 609 3677 magnam
625 3604 915 3676 comportaverant.
935 3589 985 3652 Ne
1004 3589 1101 3667 hujus
1117 3590 1189 3677 qui·

144 3677 198 3748 dem
209 3688 268 3753 loei
283 3690 360 3754 felix
374 3691 574 3779 oppugnatio
588 3690 666 3769 fuit,
681 3689 936 3776 desideratisque
952 3689 1039 3752 haud
1055 3691 1187 3777 paucis,

145 3792 225 3854 cauri
239 3808 339 3856 noctu
355 3793 433 3856 sein
448 3808 550 3856 eastra
565 3806 767 3879 receperunt.
782 3793 831 3855 Ex
847 3793 958 3855 castris
975 3788 1094 3854 deinde
1108 3813 1187 3879 prte-

144 3881 239 3956 lectum
258 3895 405 3982 equiturn
428 3895 569 3959 blesium
588 3893 689 3975 misit,
711 3908 786 3962 uta
806 3894 912 3957 vicina
933 3890 1072 3980 quadam
1094 3905 1189 3982 gente

168 4075 396 4135 sartura-101.
411 4087 450 4141 11.
466 4087 505 4133 ra.
519 4111 556 4120 -
570 4083 678 4147 appan.
