2654 4830
303 332 357 412 ut
385 333 496 409 Loc.
523 331 618 408 ms.
643 331 766 409 xcvi
794 330 1011 411 mvmul.
1072 391 1074 396 .
1150 357 1193 439 ¹9

120 461 240 524 minori
246 459 418 545 Ptolemaeo
433 458 530 547 Cypri
540 482 670 546 νεςηαηι
684 463 765 525 citra
778 464 846 522 vim
860 475 890 524 et
904 483 996 524 arma
1007 461 1192 529 traderetur

122 561 239 643 Quum
253 561 289 624 in
305 583 346 624 eo
361 576 447 624 statu
460 582 511 624 res
531 583 708 650 regnorum
727 578 853 643 essent,
866 564 1050 627 Demetrius
1067 565 1192 630 Seleuci
1253 577 1257 584 '

120 663 157 727 F.
168 662 212 727 ad
221 662 322 751 Syrias
333 662 593 757 recuperandum
603 686 741 752 regnum
755 681 899 753 apertam
914 665 973 728 sibi
988 668 1193 732 occasionem

119 763 301 845 judicabat,
313 763 447 826 infensis
462 763 562 852 Lysiae
573 765 743 844 Romanis,
754 780 786 828 et
797 765 840 828 ob
851 766 975 829 facinus
989 782 1102 829 contra
1116 788 1195 856 gen»

124 865 205 927 tium
215 863 291 944 jura
303 878 483 951 patratum,
496 878 597 927 totam
610 862 705 927 istam
719 866 824 928 aulam
837 867 1068 931 aversantibus.
1079 868 1193 957 Igitur,

126 965 300 1053 Apollonio
313 964 479 1052 Apollonii
496 964 533 1028 F.
548 965 736 1028 consultore
753 965 895 1054 (quippe
913 967 1084 1054 Polybius,
1100 969 1193 1057 ingea

128 1067 179 1130 uio
197 1081 233 1130 et
252 1087 318 1130 usu
334 1065 501 1129 excellenti
521 1064 696 1153 praeditus,
715 1067 883 1130 communi
901 1068 1074 1155 proverbio
1092 1091 1192 1152 usus,

131 1183 249 1233 swerd
262 1168 309 1232 bis
330 1166 379 1230 ad
392 1167 533 1231 eumdem
554 1167 690 1255 lapidem
707 1169 893 1256 inprhgere,
911 1167 1125 1258 dissuaserat)
1142 1194 1192 1236 se·

134 1285 238 1343 natum
251 1269 342 1334 adire
349 1269 477 1351 statuit,
485 1285 538 1350 ut,
548 1273 576 1332 si
583 1292 714 1357 regnare
723 1269 835 1332 Patres
842 1270 1034 1333 Antioclusm
1043 1272 1192 1354 mallens,

136 1373 186 1484 ipsc
194 1371 307 1437 saltem
315 1373 496 1436 mussitate
497 1392 561 1458 pro
570 1370 674 1434 obside
685 1371 841 1433 manendi
847 1369 1023 1434 solveretur.
1034 1372 1103 1436 Nec
1110 1366 1193 1436 enin

134 1472 192 1559 jure
204 1496 235 1537 ss
249 1476 396 1552 auberi,
411 1487 533 1536 mortuo
551 1471 732 1559 Epicharis,
753 1472 841 1559 cujus
857 1474 892 1534 in
912 1473 1015 1535 locum
1031 1473 1117 1538 obses
1133 1478 1196 1563 ipss

134 1570 230 1656 fastra
244 1586 330 1637 esset.

105 1698 108 1727 ι
175 1674 323 1738 XXXIV.
348 1673 426 1737 Haec
447 1697 552 1761 quum
574 1646 617 1737 ita
637 1671 860 1763 nequidquam
883 1676 1076 1764 postulasset
1091 1675 1195 1766 (nihil

148 1775 215 1839 uim
229 1774 407 1855 acciderat,
428 1798 488 1839 cur
506 1776 648 1863 priorem
667 1778 860 1841 sententiam
883 1795 1012 1842 senatus
1028 1783 1191 1869 mutaret)

149 1872 247 1940 adalia
267 1876 402 1940 consilia
422 1897 617 1958 conversus,
638 1876 819 1942 Diodorum
838 1877 879 1942 ad
894 1902 929 1943 se
946 1896 1055 1962 vocat,
1073 1881 1193 1946 educa-

151 1989 232 2043 torem
247 2001 364 2059 suum,
381 1981 437 2066 qui
452 2001 558 2066 nuper
571 2001 610 2041 ex
626 1980 716 2068 Syria
735 1982 872 2044 Romam
887 1981 1070 2047 advenerat.
1088 1984 1138 2064 ls,
1157 2000 1195 2048 ut

152 2095 201 2142 erat
212 2081 310 2146 homo
324 2080 474 2156 callidus,
491 2097 524 2143 et
537 2081 595 2167 qui
607 2096 796 2168 praesentem
809 2082 900 2170 regni
914 2098 1032 2145 statum
1047 2101 1195 2150 accurate

153 2190 270 2262 teneret,
290 2181 450 2263 ostendit,
465 2182 556 2246 nulla
575 2206 608 2243 re
626 2181 712 2263 altis,
719 2197 934 2271 praeterquam
944 2189 1115 2271 proesentia
1131 2188 1195 2251 De·

153 2287 243 2364 metrii,
251 2282 333 2372 fore
351 2307 428 2372 opus
441 2307 453 2346 .·
465 2287 508 2363 ei,
520 2277 580 2347 'ubi
592 2299 771 2371 compactus
784 2288 925 2372 primum
943 2303 1033 2367 osset,
1047 2290 1196 2374 protritus

154 2400 232 2448 omues
251 2387 441 2449 wkoesuros.
463 2385 552 2449 Nam
572 2401 604 2449 et
624 2385 753 2469 Lysiam
777 2387 906 2449 ιἠνίςιιηι
917 2387 1145 2474 popularibus,
1166 2405 1200 2454 et

149 2487 274 2572 ppuium
285 2486 389 2571 lysiae
406 2501 577 2573 suspectum
594 2509 670 2565 esse,
688 2507 787 2574 neque
802 2508 824 2547 a
836 2485 987 2549 Romami
1000 2490 1194 2569 timendum

152 2591 383 2676 mquamemtn
397 2590 433 2650 iis
440 2609 599 2674 ,quorum
615 2596 712 2673 opem
729 2586 784 2650 Cn.
801 2587 965 2650 Octavium
984 2610 1037 2650 occ
1065 2611 1118 2651 um
1133 2614 1195 2656 esso

150 2689 298 2768 cuderent,
318 2688 479 2751 auxiium
496 2686 623 2750 laturos.
644 2686 769 2752 Nihil
756 2690 853 2772 rgr'tur
871 2687 998 2750 aliud
984 2708 1016 2750 nt
1025 2611 1196 2803 plaesentia

148 2791 358 2870 macedan,
372 2791 432 2852 misi
439 2811 502 2876 qua
511 2786 727 2876 ratioucfugae
742 2788 841 2850 consil
835 2787 1102 2851 rumsodertissime
1112 2813 1197 2853 amec

145 2902 241 2981 tegere,
255 2915 335 2956 mox
345 2913 473 2979 exsequi
470 2892 586 2977 possit
597 2889 810 2969 Adolescens,
826 2888 958 2983 probata
970 2887 1106 2954 Diodori
1122 2913 1195 2953 sen·

144 2997 243 3076 tenua,
255 3017 324 3058 rem
343 3015 418 3056 cum
433 2991 570 3078 Polybio
585 2990 804 3053 communicat
819 3012 826 3052 ε
842 3012 899 3076 per
913 2990 1003 3052 hunc
1016 2991 1194 3079 Menithyl·

138 3093 196 3177 lus,
210 3093 438 3161 Philometoris
454 3092 584 3180 aegyptii
598 3092 738 3180 legatus,
758 3090 924 3152 Demetrio
941 3091 1141 3157 conciliatur.
1162 3095 1196 3156 ls

136 3218 241 3260 narem
254 3196 410 3284 punicam
424 3209 552 3268 nactus,
566 3215 636 3281 quae
651 3191 808 3279 primitias
818 3191 1012 3280 Carthagine
1022 3194 1145 3280 Tyrum
1156 3216 1195 3258 ex

130 3300 226 3363 veteri
245 3298 402 3384 religione
412 3295 566 3374 vehebat,
581 3294 671 3381 quasi
688 3312 807 3356 usurus
820 3315 856 3355 ea
872 3292 913 3355 ad
924 3291 1066 3360 reditum
1079 3316 1194 3377 suum,

127 3399 232 3488 palam
255 3421 331 3462 cum
355 3396 462 3459 nautis
486 3395 679 3483 paciscitur:
694 3395 846 3457 convenit
862 3393 903 3456 ds
919 3392 1089 3474 mercede;
1106 3417 1196 3482 com-

125 3516 306 3591 paraturae
319 3497 459 3562 infertur
473 3513 689 3575 commeatus3
707 3512 836 3582 tempus
850 3494 1058 3583 profectionis
1075 3497 1194 3560 consti-

126 3604 241 3668 ruitur.

169 3703 308 3768 XXXV.
334 3702 395 3766 His
416 3701 460 3763 ita
480 3698 680 3788 praeparatis,
698 3696 904 3785 praemittitur
918 3696 951 3757 in
972 3695 1097 3782 Syriam
1113 3694 1194 3759 Dio·

123 3805 238 3872 dorus.
256 3804 440 3868 Demetrius
458 3803 492 3865 in
514 3823 585 3865 eam
606 3793 709 3881 diem,
732 3818 797 3885 qua
818 3811 885 3859 erat
900 3794 1067 3876 abiturus,
1083 3796 1194 3882 paucis
1302 3843 1304 3847 Α

158 4024 176 4090 s
191 4025 317 4074 xum.
328 4021 420 4089 Polyb.
430 4023 548 4086 Excerpt.
559 4021 641 4083 Legat.
653 4025 711 4074 114.
723 4043 759 4054 -
772 4015 881 4081 Appias.
895 4012 988 4078 Syriae.
1000 4038 1035 4049 —
1048 4011 1063 4077 S
1076 4011 1197 4061 xxm.

122 4106 219 4172 Polyb.

958 4216 995 4259 2.
