2654 4830
290 340 346 408 ttt
374 334 611 409 Loutls.
639 339 802 415 XLVIII
831 337 1045 411 Ltvlsttt.
1156 337 1199 411 55

173 459 215 525 V.
232 457 625 548 Aspm'mrem‘adversum
638 457 821 525 desertores
836 458 981 525 futuram
996 457 1201 527 crediderunt

125 561 300 626 victorum
317 559 497 624 celtiberiz
517 581 595 648 ergo
618 559 822 627 elementiam
845 559 1047 650 imperatoris
1072 567 1198 628 romani

125 661 288 726 admirata
299 660 540 749 Nergobriguru
550 660 660 727 civitas
677 661 764 727 utisit
778 663 986 750 quaesituros,
1001 660 1159 751 quofider‘
1168 679 1202 729 st

124 762 271 852 obsequii
275 764 411 851 pigriore
423 763 456 827 in
471 764 615 849 gracilem
629 765 726 852 recisi
733 758 855 852 posset(
864 766 961 830 Petiit
979 766 1093 829 oonsul
1106 766 1199 853 equi·

124 879 178 929 tes
190 862 361 928 suxiliues
374 878 507 927 sennim
519 886 529 927 ε
539 877 573 927 et
587 879 718 952 sooepta
731 879 781 929 est
791 865 947 931 conditio.
956 867 1079 930 Verum
1093 866 1200 930 donec

126 963 487 1054 legati'llergobrigum
510 964 599 1051 pacis
614 965 680 1029 viss
697 965 848 1054 legesque
864 989 941 1030 cum
960 967 1111 1031 Romano
1133 983 1198 1032 tra·

87 1132 90 1137 ,
125 1079 238 1144 eunt,
253 1065 314 1129 slis
333 1085 467 1146 manus,
482 1081 606 1152 partem
629 1065 788 1131 exercitus
804 1066 866 1129 iter
880 1066 1052 1133 beientem
1069 1067 1199 1148 adorta,

126 1167 276 1233 turbsvit
285 1182 468 1254 postrema
476 1216 485 1244 ‚
494 1166 870 1255 impedimentorumque
881 1168 1031 1233 nonnihil
1043 1169 1197 1258 abripuit.

127 1267 315 1334 Mollierunt
328 1268 542 1332 nihilominus
559 1291 637 1332 eum
652 1267 818 1356 promissis
834 1267 1000 1356 equitibus
1015 1270 1127 1358 legati3
1144 1294 1201 1335 ve·

129 1369 287 1457 uiamque
302 1368 413 1433 delicti
431 1385 594 1456 petentes,
612 1369 809 1433 exeussbsnt
824 1370 868 1431 ab
887 1372 1009 1455 ignor&
1032 1374 1120 1435 r'rritoe
1135 1396 1199 1460 pa·

126 1473 242 1539 mirati
259 1473 466 1536 commissum,
481 1472 524 1536 At
538 1471 708 1536 Marcellus
723 1471 846 1559 equites
862 1471 896 1534 iu
916 1471 1046 1535 vincula
1061 1471 1198 1554 conjici,

87 1634 89 1641 .
125 1594 235 1660 reptos
246 1571 344 1637 rendi
350 1573 463 1653 jussit·
478 1586 511 1635 et
522 1571 737 1637 morraststis
747 1571 990 1684 Nergobrigum
1000 1572 1101 1661 agris,
1116 1595 1199 1659 pns-

100 1704 103 1709 ·
125 1673 238 1762 eisque
251 1673 410 1739 militibus
428 1672 529 1737 divisa
534 1671 720 1786 ,oppidum
737 1670 908 1739 obsidione
928 1672 1039 1737 cinxit
1058 1672 1199 1759 Conspi·

87 1794 89 1833 ;
125 1775 191 1839 anti
207 1774 391 1862 periotduru
402 1774 511 1837 hostes
526 1773 622 1860 (strui
635 1773 721 1839 enim
734 1771 905 1839 Marcellus
918 1794 1066 1889 aggeres,
1082 1771 1198 1838 admo-

87 1856 90 1977 i
126 1876 264 1963 serique
285 1875 450 1941 machinas
478 1872 633 1960 jusserat)
656 1874 900 1940 eaduceatorem
925 1876 1061 1957 misere,
1085 1898 1199 1964 paoem

87 1990 269 2041 orantes.
284 1975 434 2041 Amissus
450 1975 503 2040 ille
518 1975 582 2040 fuit
596 1976 679 2063 pelle
694 1976 781 2063 lupi,
797 1974 924 2062 quod
904 1998 942 2040 us
962 1976 1113 2066 gentibus
1136 2000 1198 2065 pro

125 2075 271 2141 mduceo
285 2075 410 2165 panifici
425 2076 533 2139 nuntii
551 2076 680 2164 signum
699 2092 756 2141 est.
774 2079 919 2157 Consul,
931 2078 1065 2142 rabilia
1083 2101 1196 2167 exspo-

124 2177 281 2243 otaudum
299 2180 428 2266 pacati,
449 2176 632 2264 respondit,
650 2179 711 2240 nisi
727 2181 867 2241 Arvacci
880 2201 1002 2258 omnes,
1019 2180 1197 2245 Bellorum·

124 2304 185 2370 que
198 2294 234 2344 et
257 2279 435 2344 Tartarum
452 2276 567 2365 populi
576 2300 643 2342 uua
660 2291 834 2365 rogarent:
849 2299 957 2364 neque
974 2300 1065 2343 mors
1079 2279 1115 2342 in
1134 2280 1196 2343 illis

122 2382 209 2463 suit3
229 2403 348 2447 tenere
365 2381 464 2443 trium
481 2379 647 2444 civitatum
666 2379 779 2468 legati,
800 2380 992 2467 rogitantes,
1010 2395 1060 2461 tat,
1077 2380 1196 2446 tolera-

121 2483 184 2547 bili
192 2481 316 2546 mulcta
328 2485 500 2570 imperata,
518 2481 663 2570 memoret
678 2502 782 2544 ormtes
802 2483 836 2543 ia
860 2479 1044 2548 Gracchani
1056 2481 1195 2571 soedart‘s

125 2585 156 2648 Ie
177 2607 220 2648 es.
1220 2599 1223 2604 ’

152 2609 227 2751 ng.
237 2683 512 2749 Goutmdicebant
525 2684 577 2747 his
587 2683 720 2747 aliarum
733 2683 880 2772 gentium
892 2699 1053 2765 oratores,
1064 2685 1137 2772 qui,
1153 2686 1195 2751 ab

122 2787 275 2856 Anausis
291 2786 451 2874 sociisque
467 2786 552 2849 bello
575 2785 698 2866 vexati,
714 2784 802 2872 quod
820 2808 1029 2849 romanarum
1052 2788 1192 2873 partium

124 2905 254 2972 arent,
269 2886 516 2951 obtestabantur
535 2888 720 2968 consulem,
736 2901 774 2951 ut
786 2910 851 2951 suae
871 2887 1018 2951 vindicem
1035 2888 1131 2953 uirtul
1144 2914 1192 2954 se-

121 2993 328 3078 curitatisque
339 2992 491 3052 tutionem
505 3002 620 3075 agaret.
634 2989 773 3071 Consul,
786 3011 854 3052 non
868 2987 977 3051 minus
993 2988 1069 3053 belli
1084 2989 1193 3056 adven

122 3116 178 3158 sus
190 3092 308 3157 duram
322 3108 453 3179 gentem
466 3088 600 3153 liniendi
609 3088 764 3176 cupidus,
777 3112 874 3176 qnam
886 3090 1085 3155 voluntatem
1099 3114 1191 3157 suurn

124 3194 239 3260 allide
261 3209 391 3294 tegens,
414 3209 572 3279 utrosque
596 3191 704 3270 rejecit
721 3191 762 3255 ad
785 3206 954 3273 senatum,
980 3190 1192 3282 induciasque

126 3320 201 3363 oum
217 3294 387 3376 hostibus,
401 3294 508 3358 donec
521 3294 616 3383 legati
627 3308 876 3373 reverterenurr,
886 3309 1020 3379 pactus,
1036 3294 1189 3359 hiberna-

127 3414 198 3463 tum
219 3397 301 3461 abiit
322 3395 525 3476 Cordubam,
549 3417 691 3481 eumque
711 3394 820 3457 locum
842 3392 1085 3460 abundantibus
1108 3396 1193 3460 ciros

128 3500 210 3590 agris
226 3497 348 3563 aleudae
366 3497 539 3561 hominum
563 3493 765 3559 multitudini
784 3516 851 3558 non
866 3494 1119 3560 incommodum
1143 3498 1189 3559 ri·

131 3599 265 3682 dens,in
276 3600 366 3663 urbis
374 3598 516 3687 speciem
525 3611 621 3683 atque
632 3594 890 3685 magnitudinem
900 3594 1116 3663 aedificavit.
1128 3598 1191 3662 sed

134 3702 354 3783 islmitanis,
369 3715 542 3789 postquam
557 3699 592 3763 L.
607 3697 786 3762 Mummius
802 3696 844 3760 nd
858 3698 1063 3785 triumphurn
1079 3697 1190 3764 dunos.

87 3796 89 3803 ’
139 3801 239 3882 sisset,
260 3802 306 3867 Μ.
328 3803 443 3866 Atilius
465 3815 582 3889 praetor
599 3798 799 3888 provinciam
820 3799 969 3887 accepit:
993 3798 1051 3863 ubi
1069 3822 1190 3887 quum,

142 3902 339 3991 septingentis
353 3902 496 3965 hostiurn
510 3901 701 3983 interfectis,
718 3900 833 3964 urbem
852 3899 1047 3981 Oxthracas,
1062 3901 1099 3966 iis
1114 3904 1191 3968 locis

144 4005 313 4087 naxiruam,
327 4020 531 4093 ooenpssset,
547 4026 653 4092 soque
675 3990 767 4068 metu
783 4001 888 4066 vicina
903 4000 1022 4089 oppida
1037 4004 1192 4069 Romanis

146 4101 322 4184 adjunxisset
332 4106 430 4194 (inter
440 4128 512 4194 quse
522 4128 595 4196 pars
606 4106 713 4195 aliquia
726 4107 907 4171 Vettonum
917 4102 979 4168 fuit
987 4103 1116 4186 ‚ricinae
1127 4106 1191 4170 lat·
