2654 4830
299 330 353 399 ΙΝ
381 332 498 400 LOC.
525 335 620 401 LIB.
649 335 770 403 XLVI
802 331 1021 401 LlVlANI.
1060 350 1063 355 ·
1176 328 1195 395 5

122 463 319 537 tempestate
334 472 394 537 per
409 449 566 515 Graeciam
586 469 672 534 erat,
690 453 743 516 cui
763 450 804 516 ad
826 474 877 515 res
901 449 1065 514 novandas
1090 473 1196 537 neque

120 552 270 633 animus,
282 552 309 616 si
321 552 419 617 ferret
426 553 572 635 occasio,
585 576 692 642 neque
699 554 782 618 vires
794 552 906 618 deesse
917 550 1114 616 viderentur.
1128 553 1194 640 lgi-

122 669 176 715 tur
189 653 252 717 has
264 652 411 719 accidere
424 656 644 743 querentibus
659 656 839 719 Callicrates
855 670 888 718 et
900 652 1105 718 Androuidas
1118 677 1195 741 ape·
1276 708 1280 717 .

121 776 220 819 ruere
230 755 332 831 viarm
344 756 515 843 plerosque
528 755 686 844 primores
698 757 910 835 Achaeorum,
921 754 1011 841 quasi
1027 777 1100 817 cum
1116 754 1195 817 Per-

123 876 179 919 seo
193 855 374 921 sensissent
384 903 393 938 ,
405 857 574 921 criminati.
590 857 637 921 Ex
651 856 771 945 quibus
783 859 920 938 Xenon,
932 855 988 943 qui
1005 871 1038 919 et
1053 855 1122 943 ipsc
1138 878 1197 942 per

124 976 159 1017 ea
169 970 323 1044 tempora
331 958 506 1023 exercitum
513 957 664 1035 duxerat,
677 982 780 1047 quum
793 960 986 1023 innocentiae
1000 957 1196 1021 conscicntia

126 1056 348 1139 exclamasset,
362 1081 396 1122 sc
416 1058 471 1122 arel
486 1063 520 1123 in
537 1063 603 1149 q'nso
624 1075 734 1125 senatu
747 1083 876 1124 causam
890 1082 981 1123 stram
996 1056 1197 1146 defimurwn

128 1180 207 1238 επις
220 1158 314 1224 dedit
328 1161 531 1226 occasionem
552 1163 657 1253 legato
678 1185 831 1243 romano,
848 1163 904 1250 qui
922 1178 994 1226 tum
1013 1160 1143 1243 aderat,
1159 1177 1197 1224 ut

132 1259 211 1324 mitti
222 1262 363 1327 Romam
375 1285 505 1345 omnes,
515 1264 571 1351 qui
581 1264 622 1329 ab
631 1265 871 1329 accusatoribus
883 1263 1042 1327 nominati
1052 1264 1195 1347 fumant,

135 1352 309 1449 inperaret.
326 1365 425 1429 Duris
442 1380 475 1429 et
488 1366 706 1430 insolentibus
723 1365 880 1430 mandatis
896 1364 1018 1452 (neque
1036 1366 1123 1428 enim
1140 1382 1198 1429 aut

139 1458 298 1553 Philippus
314 1466 411 1548 olim,
423 1482 481 1530 aut
496 1465 580 1530 filius
599 1468 668 1548 ejus
686 1467 875 1548 Alexander,
892 1488 997 1553 quum
1010 1486 1119 1528 rerum
1136 1487 1197 1553 po-

142 1562 282 1648 tirentur,
308 1583 374 1632 tam
403 1568 518 1632 acerba
543 1567 729 1655 jusserant)
746 1569 855 1634 Achaei
881 1566 1081 1631 deteriorum
1108 1580 1198 1629 metu

99 1662 102 1689 ¹
146 1686 280 1751 pamere3
298 1669 405 1733 missis
426 1670 460 1733 in
480 1670 603 1734 Urbem
625 1670 825 1759 principibus
841 1668 965 1757 gentis,
984 1682 1017 1730 ct
1034 1683 1199 1755 quotquot

147 1764 263 1831 aliorum
271 1776 484 1858 pertempora
497 1769 698 1833 macedonici
707 1770 782 1833 belli
793 1771 827 1832 in
837 1769 981 1858 imperiis
990 1784 1047 1832 aut
1058 1769 1197 1832 curatio·

149 1869 225 1936 nibus
236 1874 372 1955 alicujus
386 1876 545 1940 momenti
563 1876 703 1956 fuerant,
715 1876 841 1940 circiter
856 1876 954 1938 mille.
966 1877 1035 1939 Hos
1048 1874 1197 1954 Romani,

151 1982 280 2060 tanquam
290 1999 310 2040 a
324 1977 391 2041 suis
403 1975 562 2057 judicatos
572 2024 581 2058 ,
591 1978 713 2040 circum
726 1977 903 2063 municipia
917 1976 1125 2063 coloniasque
1135 1979 1197 2041 lta-

152 2069 420 2144 lemtodiendos
434 2078 638 2144 dimiserunt.
651 2079 738 2167 Ergo
752 2077 895 2166 repetitis
909 2077 1148 2165 legationibus,
1165 2092 1200 2142 ut

153 2192 225 2239 catur
242 2182 355 2243 civium
370 2202 498 2244 suorum
516 2193 757 2268 cognosceretur,
775 2192 833 2241 aut
845 2181 875 2241 si
882 2177 1004 2240 credere
1027 2180 1200 2242 innocentes

154 2292 266 2360 mutus,
290 2305 388 2371 quam
416 2283 546 2371 reperire
571 2279 695 2361 mallet,
715 2283 833 2368 patrioe
859 2279 1070 2358 redderentur,
1089 2280 1199 2344 Achaei

99 2416 101 2443 ι
156 2374 275 2447 ombdlll.

99 2448 102 2565 l
185 2476 257 2547 VIH.
268 2483 370 2566 Quod
381 2485 438 2549 ubi
455 2487 575 2551 frustra
591 2485 705 2566 fiebat,
719 2484 877 2570 vacuique
889 2484 922 2546 in
936 2482 1198 2569 Peloponnesum

99 2622 103 2685 Ι
156 2569 227 2662 legar
243 2586 501 2667 revertebantur,
520 2602 607 2650 tanta
626 2588 776 2651 omnium
796 2584 977 2672 indignatio
999 2583 1034 2646 in
1049 2582 1199 2647 Callicra-

99 2688 101 2699 '
156 2684 203 2741 lem
217 2700 247 2748 et
263 2702 395 2751 caeteros
413 2686 557 2765 ejusdem
575 2704 670 2752 sectae
692 2688 829 2767 exarsit,
848 2702 887 2748 ut
905 2708 971 2748 non
988 2684 1053 2762 jam
1069 2685 1199 2749 secretis

99 2840 101 2851 .
155 2774 388 2875 0diis,sedplane
399 2790 545 2851 conl'essa
556 2789 719 2853 simultate
731 2789 772 2853 ab
786 2787 938 2851 omnibus
949 2786 1198 2869 incesserentur,

99 2862 103 2933 l
155 2900 293 2973 eousque,
309 2904 347 2951 ut
363 2888 459 2952 etiam
472 2890 609 2977 apueris
623 2913 641 2955 e
655 2891 765 2954 schola
780 2888 992 2953 redeuntibus
1004 2888 1109 2977 palam
1119 2912 1198 2977 pro·

152 2974 239 3049 diores
255 2989 517 3076 appellarentur:
533 3012 639 3077 neque
656 2993 690 3054 in
709 2989 805 3054 sacris
821 2989 1008 3053 Graecorum
1027 2991 1197 3053 conventi·

152 3074 195 3146 lut
210 3091 380 3177 quisquam
393 3114 507 3157 eorum
523 3115 598 3156 cum
614 3091 710 3155 laude
728 3092 930 3155 mentionem
949 3092 1054 3156 facere
1071 3105 1197 3181 posset,

150 3184 209 3268 quin
220 3191 319 3255 sibilis
334 3208 367 3256 et
377 3193 521 3258 tumultu
534 3194 586 3257 vix
598 3192 762 3258 credendo
774 3194 977 3280 exciperetur
988 3217 996 3257 ε
1007 3176 1120 3280 estque
1134 3207 1198 3254 tra·

147 3281 263 3358 ditares
285 3317 354 3358 non
369 3293 503 3383 indigna
524 3311 724 3377 memoratu,
743 3293 917 3382 aliquando
936 3295 1074 3383 Sicyone
1093 3315 1197 3380 quum

145 3386 213 3455 inter
224 3394 475 3485 Antigoniorum
489 3397 644 3460 solemnia
660 3397 783 3461 balneis
796 3395 925 3484 publice
942 3395 1107 3460 instructis
1124 3394 1197 3457 Cal·

140 3488 251 3559 licrates
263 3511 296 3560 et
309 3495 516 3561 Andronidas
533 3499 583 3560 usi
597 3497 749 3579 fuissent3
762 3499 928 3563 neminem
944 3498 977 3561 in
993 3496 1104 3561 eadem
1117 3494 1195 3560 solia

134 3597 482 3682 postmodumvoluisse
490 3598 697 3680 descendere,
707 3601 768 3663 nisi
776 3602 865 3688 prius
875 3599 1104 3691 emissapriore
1113 3620 1196 3685 aqua

132 3700 233 3778 omni,
250 3722 399 3786 novaque
414 3700 648 3784 infusa,veluti
660 3702 784 3790 expiata
799 3718 831 3765 et
846 3703 979 3764 lustrata
997 3697 1195 3763 viderentur.

170 3798 227 3863 lX.
239 3800 302 3864 Sed
316 3801 439 3882 Achaei,
450 3824 552 3889 quum
569 3802 656 3868 aliud
668 3803 841 3883 atuilium3
852 3819 1064 3892 praeterquam
1078 3801 1111 3864 in
1125 3823 1196 3887 pre-

160 4002 248 4067 dVll.
266 4005 330 4052 Just.
349 4005 471 4065 xxxtv,
489 4022 511 4052 ι.
529 4032 563 4042 -
579 4005 669 4072 Polyb.
684 4006 750 4070 apud
766 4006 848 4054 Voles.
864 4032 899 4042 -
919 4008 1023 4053 Pausan.
1037 4002 1079 4050 lib.
1091 4004 1148 4049 vu.
1162 4026 1196 4038 -·

123 4089 139 4153 S
151 4089 222 4136 vtu.
236 4087 288 4135 Pol.
304 4088 419 4152 Excerpt.
433 4091 518 4152 Legat.
530 4090 587 4137 103.
596 4116 630 4126 -
643 4090 732 4154 Polyb.
743 4090 810 4152 apud
821 4091 901 4137 Valrs.
