2654 4830
138 326 181 397 16
305 330 376 396 JO.
404 328 746 396 FREINSHEMII
779 330 1023 399 SUPPLEM.

130 447 260 537 collegae
276 446 511 511 tumultuantes
527 462 689 511 coerceret
707 471 716 511 t
734 447 826 528 inde,
841 451 925 513 l'ortc
941 450 1092 537 quodibi
1111 476 1190 541 quo·

129 572 196 635 que
208 569 366 611 novarum
377 568 487 610 rerum
499 548 622 611 semina
633 563 739 629 erant,
748 548 783 611 in
794 549 971 614 Sardiniam
982 554 1197 633 transjecisse:

131 650 246 736 Neque
259 648 347 712 enim
364 647 405 712 de
420 647 517 737 gestis
534 648 630 728 liujus
647 665 680 713 et
694 648 917 736 proximorum
931 673 1096 716 annorum
1109 673 1189 720 certa

129 751 205 814 satis
219 749 376 813 memoria
387 766 552 835 superest,
567 748 624 813 sed
638 749 750 813 leviter
764 766 973 832 annotatum,
988 753 1113 819 circum
1126 756 1190 821 lraec

130 868 278 940 tempora
292 866 405 915 contra
415 850 563 939 Ligures,
573 851 708 932 Corsos,
720 866 753 914 et
762 852 932 916 Lusitanos
941 855 1030 919 vario
1041 877 1189 923 successu

129 952 284 1018 bellatum
298 975 378 1018 csse.

173 1054 327 1119 XXVIII.
337 1056 407 1120 Iam
416 1054 523 1143 Scipio
534 1054 735 1142 Figulusque
746 1076 813 1118 non
824 1056 1044 1144 magistratum
1053 1056 1189 1121 inierant

128 1156 245 1238 modo,
259 1155 316 1220 sed
336 1156 432 1219 etiam
454 1157 488 1220 in
506 1156 687 1243 provincias
701 1156 830 1221 fuerant
845 1157 1004 1246 profecti,
1019 1181 1126 1246 quum
1142 1160 1186 1223 Τί.

127 1257 265 1325 Gracchi
284 1255 389 1320 literas
405 1255 446 1321 ad
462 1271 610 1320 senatum
627 1280 764 1346 augures
783 1258 944 1341 detulere,
962 1258 1004 1323 ad
1018 1260 1187 1350 collegium

126 1382 224 1423 suum
238 1381 277 1422 ex
291 1356 438 1422 Sardinia
456 1359 583 1441 missas,
600 1358 718 1445 quibus
734 1358 951 1447 significabat,
966 1362 1102 1425 camd&
1115 1382 1188 1425 aaa·

125 1460 297 1541 sulan‘bus,
314 1482 413 1549 qutun
427 1460 474 1522 ad
489 1462 662 1549 auspicium
681 1460 878 1548 repetendum
896 1461 978 1527 Urbe
992 1462 1029 1525 iu
1045 1483 1189 1551 carpum

27 1593 31 1607 ¹
126 1563 276 1643 rediisset,
290 1562 399 1625 codam
409 1585 440 1625 sc
450 1561 656 1626 tabernacula
661 1610 673 1642 ,
685 1584 749 1649 quo
759 1574 856 1626 autea
866 1562 906 1626 dc
915 1562 1187 1642 calvastrum,

126 1686 217 1731 usum
235 1688 248 1729 .·
265 1663 384 1752 idjam
399 1664 493 1728 libros
509 1664 682 1750 augurales
699 1662 816 1751 legenti
826 1684 977 1751 apparere
995 1674 1115 1727 rectum
1128 1686 1188 1729 aon

111 1766 393 1854 suessanumque
412 1790 494 1846 rcm,
512 1766 586 1829 licet
599 1788 672 1829 cum
691 1788 746 1829 suo
763 1764 886 1853 pudore
904 1766 1076 1854 consumta
1096 1780 1188 1843 essct,

124 1871 203 1957 quta
210 1870 363 1956 pertinere
377 1866 425 1929 ad
438 1866 601 1953 relrgioncs
605 1866 722 1955 populi
734 1868 860 1931 romani
872 1866 1046 1946 videretur,
1053 1870 1189 1955 perscri-

125 1972 195 2034 bere
213 1969 358 2033 nahusa.
379 1970 484 2032 Tanta
501 1991 552 2033 res
575 1969 702 2032 senatui
717 1969 801 2050 visa,
822 1985 860 2033 ut
873 1991 892 2033 a
906 1984 1044 2057 praetore
1062 1970 1189 2033 urbano

126 2071 233 2135 literas
248 2068 290 2134 ad
305 2070 455 2133 consules
470 2068 655 2134 scribendas
670 2087 832 2154 censeret,
846 2071 966 2159 quibus
982 2071 1136 2135 certiores
1149 2069 1190 2136 de

125 2194 167 2235 eo
178 2171 309 2259 negotio
320 2169 450 2251 fierent,
462 2171 702 2258 provinciisque
713 2170 868 2236 decedere
877 2171 1080 2250 juberentur.
1091 2174 1191 2261 Atqui

125 2272 171 2337 illi
181 2272 260 2337 vitio
273 2287 397 2336 creatos
412 2272 493 2351 rati,
507 2287 540 2334 et
556 2272 773 2359 antiquiorem
790 2273 991 2361 reipublicae,
1008 2296 1108 2361 quam
1126 2298 1191 2339 sure

125 2374 307 2463 dignitatis,
323 2395 434 2435 curam
449 2388 725 2460 esse-opportere3
741 2372 848 2461 Scipio
864 2373 1041 2450 eCorsica‚
1057 2374 1190 2465 Figulus

124 2500 144 2541 e
160 2476 260 2542 Gallia
277 2489 436 2537 maturato
451 2472 579 2552 reditu,
598 2474 820 2561 magistratum
835 2471 1037 2538 abdicarunt.
1055 2474 1142 2539 Nam
1158 2492 1191 2539 ct

124 2576 256 2666 ingenio
276 2574 381 2661 probo
401 2572 617 2660 modestoque
639 2590 732 2636 erant
752 2573 882 2662 (Scipio
903 2575 1000 2637 etiam
1023 2572 1190 2664 sapientia

124 2678 209 2742 lama
222 2674 383 2761 celebris),
394 2690 426 2737 et
437 2674 700 2756 recordabantur,
710 2675 805 2760 quale
813 2675 849 2739 C.
857 2675 1034 2740 Flaminius
1045 2677 1081 2739 in
1093 2700 1188 2742 causa

123 2779 235 2860 simili,
248 2793 378 2842 senatus
390 2776 580 2840 auctoritate
589 2792 709 2864 spreta,
721 2792 882 2841 certamen
897 2800 972 2841 cum
982 2778 1149 2863 Patribus,
1158 2794 1192 2842 ct

123 2895 289 2973 postremo
306 2880 408 2943 fatum
422 2878 598 2941 habuisset.

167 2983 290 3046 XXIX.
315 2982 378 3046 Per
393 2983 586 3068 interregem
603 2977 722 3043 deinde
735 2978 862 3043 suffecti
879 2979 1040 3044 consules.
1055 2980 1092 3044 P.
1107 2982 1189 3043 Cor·

125 3082 229 3147 nelius
239 3085 275 3147 L.
288 3083 325 3147 F.
338 3084 374 3146 L.
389 3082 429 3146 N.
444 3081 617 3159 Lentulus,
634 3082 693 3144 Cn.
706 3080 869 3143 Domitius
881 3081 917 3143 L.
932 3080 969 3144 F.
983 3083 1043 3144 Cn.
1052 3080 1096 3145 N.
1108 3082 1189 3146 Ahc·

124 3185 288 3249 nobarbus
305 3185 449 3247 luerunt.
465 3182 578 3263 Quum
596 3182 680 3245 inter
695 3181 764 3245 haec
785 3181 820 3244 in
834 3181 959 3269 Syriam
972 3183 1070 3271 legati
1084 3184 1127 3247 ab
1139 3208 1189 3249 sc·

124 3304 203 3351 natu
219 3286 455 3374 pervenissent,
470 3298 502 3345 et
518 3283 619 3345 multa
635 3282 786 3368 passima
806 3283 935 3370 regibus
954 3299 1069 3346 contra
1084 3284 1188 3348 loedus

124 3391 205 3454 lacta
216 3403 402 3477 arguerent,
415 3402 661 3473 mutarentque;
677 3386 711 3448 in
724 3382 837 3449 odium
854 3386 975 3473 gentis,
988 3401 1087 3471 atque
1096 3408 1137 3449 ex
1150 3410 1189 3450 eo

123 3491 158 3555 in
168 3490 347 3579 periculum
362 3487 557 3552 inciderunt.
568 3486 708 3551 Maxime
721 3486 897 3552 movebant
907 3510 1003 3551 naves
1013 3487 1192 3575 pulcherri-

125 3616 184 3657 mae
196 3607 394 3679 sumptuque
407 3589 530 3678 ingenti
543 3588 720 3670 fabricatas,
733 3610 813 3676 quas
825 3588 956 3654 incendi
967 3592 1027 3653 Cn.
1036 3589 1191 3655 Octavius

160 3834 176 3898 S
191 3837 297 3883 XXVII.
314 3833 402 3897 Polyb.
413 3834 528 3897 Excerpe.
542 3833 624 3897 Legat.
635 3831 691 3879 106.
705 3858 740 3868 -
752 3828 874 3879 Plutarch.
891 3828 918 3875 in
930 3827 1035 3875 Gracch.
1048 3842 1103 3891 cap.
1119 3843 1143 3877 1.
1156 3856 1193 3867 --

124 3920 177 3970 Cic.
192 3920 223 3967 de
234 3918 292 3966 Nat.
305 3919 380 3965 Deor.
393 3919 429 3973 II,
443 3925 468 3973 a.
482 3944 516 3953 -
529 3917 582 3965 Liv.
596 3915 663 3981 Epit.
673 3916 765 3962 XLVI.
779 3911 841 3976 -S
855 3912 974 3959 XXVIII.
983 3910 1119 3958 Vel-Mu.
1130 3912 1156 3970 1,
1169 3928 1192 3961 r.

124 4032 159 4041 —
169 4004 233 4053 Plut.
244 4001 374 4060 Marcello,
383 4017 437 4065 cap.
447 4000 471 4048 ⁵.
483 4026 517 4036 -
528 4000 583 4049 Cic.
594 3999 626 4047 ad
639 4000 726 4062 Quint.
740 4000 851 4055 fratrem,
861 3999 900 4055 II,
914 4011 938 4043 a.
947 4024 981 4035 —
989 3994 1070 4053 Iden,
1084 3994 1118 4043 de
1132 3996 1192 4045 Nat.

124 4090 198 4137 Deor.
209 4090 248 4145 ll,
264 4094 287 4141 t.
301 4112 335 4121 —
346 4086 420 4133 Auct.
432 4084 463 4133 de
472 4084 526 4131 Vir.
539 4083 574 4131 ill.
588 4100 610 4131 c.
622 4082 663 4139 46.
