2654 4830
235 350 281 421 36
403 352 472 418 JO.
500 351 842 421 FREINSHEMII
875 351 1120 419 SUPPLEM.

231 487 306 558 post
322 471 455 535 exitiosa
470 471 548 551 l'uit;
571 469 648 533 hinc
666 486 739 533 orto
758 470 888 533 Catonis
905 486 1012 549 metu,
1028 471 1071 532 ob
1088 492 1188 557 quem
1204 471 1284 538 dein·

231 595 306 659 ceps
326 574 485 636 continuo
505 571 546 635 ad
570 572 771 659 Carthaginis
792 569 937 633 delendae
960 572 1093 635 consilia
1111 573 1222 637 Patres
1237 576 1284 639 sti·

231 674 383 737 mulabat.

274 773 435 838 xxtsed
444 775 534 860 prior
544 769 683 836 bellandi
691 796 767 835 cum
776 773 929 835 Dalmatis
937 774 1167 838 occasiovenit.
1175 778 1209 839 C.
1217 776 1285 839 Fau

229 877 322 955 nius,
338 898 377 938 ex
393 877 451 938 ista
473 875 633 962 legatione
652 896 817 952 reversus,
835 874 1091 951 renuntiaverat,
1106 897 1146 936 nc
1157 875 1285 963 proferri

227 975 354 1064 quidem
366 975 456 1064 apud
468 976 636 1039 Dalmatas
647 974 802 1037 nturtdata
811 977 951 1060 potuisse
958 1021 968 1053 ,
981 976 1041 1037 sibi
1050 974 1133 1038 m'lul
1142 999 1215 1040 cum
1227 978 1283 1041 lto-

227 1078 329 1138 munit
344 1098 405 1138 cssc
416 1077 536 1160 ncgotii
541 1074 685 1162 serentes
698 1098 709 1135 .·
721 1074 777 1135 sed
793 1096 891 1169 neque
902 1075 1075 1162 qtu'dqucm
1092 1077 1125 1138 in
1143 1100 1175 1140 sc
1191 1077 1284 1166 hospi·

225 1176 341 1256 taliter,
355 1191 413 1239 aut
425 1179 520 1239 etrum
533 1177 720 1253 hrunanitcr,
738 1172 896 1238 Dalmatis
903 1173 1037 1261 sactum
1045 1200 1058 1253 ;
1078 1198 1177 1264 neque
1192 1176 1283 1242 locun

224 1293 255 1342 ct
272 1277 373 1342 launa
394 1279 484 1341 data.
509 1276 595 1364 Quin
611 1299 705 1364 equos
724 1275 853 1338 aliunde
874 1276 915 1338 ab
940 1299 970 1337 sc
993 1276 1150 1340 adductos
1171 1279 1284 1367 proedc

224 1380 365 1443 barbaris
375 1379 497 1468 finisse,
511 1378 591 1440 adeo
600 1381 777 1464 procaciter
787 1380 928 1466 invectu,
947 1389 984 1441 ut
994 1377 1084 1440 laud
1090 1379 1211 1465 procul
1221 1382 1283 1444 exi·

222 1482 267 1542 tio
281 1480 443 1568 abfuerint
455 1480 555 1564 legati
562 1526 572 1556 ,
588 1480 650 1540 nisi
662 1477 867 1542 contumelias
878 1483 952 1541 istas
962 1480 1153 1568 injuriasque
1163 1485 1283 1570 patr‘cn·

221 1583 270 1644 tiu
280 1593 312 1645 et
321 1581 441 1644 silentio
448 1579 655 1667 pertulissent.
670 1581 774 1643 Movit
786 1581 959 1644 hominum
973 1583 1157 1670 arrogantia
1167 1585 1282 1667 Patres,

222 1705 359 1769 eamque
376 1680 609 1770 gentembello
628 1680 884 1769 persequendam
902 1680 989 1744 lraud
1007 1681 1220 1756 dubitabant;
1233 1684 1282 1749 sed

220 1786 293 1872 plus
310 1781 417 1845 adhuc
438 1782 645 1845 stimulorum
662 1782 877 1862 subjiciebant
894 1783 962 1845 aliae
981 1805 1098 1864 causae,
1113 1787 1207 1872 quod
1220 1787 1281 1851 bel·

219 1886 289 1947 lum
300 1883 363 1946 sibi
375 1883 590 1946 necessarium
604 1884 642 1946 iis
653 1882 730 1946 locis
743 1883 920 1970 putabant:
933 1899 1004 1948 tum
1019 1888 1093 1972 quia
1106 1889 1214 1953 multo
1223 1891 1280 1970 jam

221 2001 385 2072 ternpore,
399 2007 438 2047 ex
450 2007 516 2070 quo
533 1984 719 2046 Demetrius
736 1984 871 2047 Pharius
887 1983 1064 2050 debellatus
1081 1987 1281 2079 fuerat,par-

218 2101 285 2149 tem
311 2086 397 2151 illam
423 2084 557 2172 lllyrici,
581 2106 652 2169 quae
675 2083 716 2146 ad
742 2106 829 2147 mare
857 2083 1046 2148 adriaticum
1070 2089 1198 2176 vergit,
1219 2112 1280 2161 non

217 2187 441 2276 inspexerant,
457 2201 528 2248 tum
543 2185 621 2272 quia
638 2184 792 2248 nolebant
804 2185 985 2249 italicorum
1003 2189 1206 2275 populorum
1217 2193 1280 2257 nui·

218 2310 289 2352 mos
303 2287 501 2353 diuturniori
517 2285 585 2349 otio
602 2308 808 2349 marcescere.
825 2289 958 2350 Annum
977 2289 1064 2351 enim
1078 2290 1144 2369 jam
1162 2290 1282 2359 duode-

216 2390 355 2471 cimum,
371 2387 500 2452 redacta
515 2387 550 2449 in
570 2402 762 2474 potestatem
781 2387 991 2470 Macedonia,
1009 2391 1212 2476 quieverant.
1272 2422 1277 2427 ·

260 2491 366 2554 XXII.
382 2491 458 2553 Haec
472 2511 512 2551 eo
526 2489 627 2550 ferme
641 2510 729 2550 auno
742 2503 849 2577 gesta,
860 2505 893 2552 et
907 2490 940 2552 in
956 2491 1073 2577 piceno
1089 2516 1168 2582 agro
1186 2497 1280 2561 Ami.

214 2613 306 2655 mum
331 2589 492 2673 coloniam
517 2586 707 2668 deductam,
727 2589 863 2675 reperio.
889 2589 952 2653 Sed
975 2592 1031 2655 ubi
1053 2595 1087 2657 L.
1111 2595 1281 2661 Cornelius

214 2695 276 2756 Cn.
291 2693 325 2756 F.
337 2692 372 2755 L.
389 2689 430 2753 N.
442 2688 598 2752 Lentulus
611 2690 737 2776 Lupus,
752 2691 787 2753 C.
802 2690 938 2753 Martius
948 2694 983 2755 C.
995 2693 1030 2756 F.
1043 2695 1084 2774 Q.
1095 2695 1136 2758 N.
1148 2696 1280 2788 Figulm

212 2793 348 2871 iterum,
363 2791 585 2880 magistratum
605 2790 765 2870 inierunt,
781 2789 928 2879 prodigia
945 2794 1093 2879 quaedam
1111 2802 1278 2867 nuntiata:
1321 2866 1323 2887 Ι

212 2894 333 2980 quibus
350 2894 409 2956 rite
426 2891 606 2979 procuratis
623 2891 657 2953 in
673 2891 854 2977 provincias
872 2896 1008 2981 profecti
1022 2916 1100 2962 sunt
1118 2904 1279 2969 consulet.
1320 2890 1323 2929 ²

209 2992 335 3056 Bellum
350 2992 556 3055 dalmaticum
575 2993 611 3054 C.
630 2992 752 3054 Marcio
768 3011 941 3058 evenerat:
960 3018 1036 3060 cum
1051 3022 1090 3062 eo
1105 2999 1187 3078 jussi
1204 3028 1279 3093 pro·
1309 3022 1314 3033 ·

210 3092 309 3157 ficisci
327 3093 423 3180 legati
439 3090 479 3154 ad
498 3114 549 3154 res
571 3092 661 3179 Epiri
682 3091 895 3176 ordinandas3
913 3120 1017 3184 nuper
1037 3101 1124 3164 enirn
1148 3126 1167 3167 a
1183 3106 1279 3172 Phoe·

209 3194 301 3274 nica,
321 3216 393 3280 quae
411 3193 550 3255 maxima
572 3193 800 3279 epiroticarum
820 3196 951 3258 urbium
978 3215 1042 3280 est,
1063 3202 1158 3291 legati
1178 3229 1279 3273 vene·

208 3310 291 3374 rant,
299 3292 709 3382 postulantes,nerecipere
717 3294 841 3358 exsules
849 3303 1280 3399 cogerentunquiCharopo

207 3412 340 3461 auctore
348 3394 432 3483 pulsi
442 3394 524 3456 urbe
533 3394 677 3473 fuerant,—
692 3410 725 3457 et
734 3410 821 3472 tum,
836 3398 940 3463 missis
955 3423 993 3463 ex
1007 3424 1068 3464 suo
1082 3406 1201 3471 ordine
1209 3432 1292 3477 non¹
1321 3408 1323 3477 ξ

208 3497 322 3577 nullis,
335 3520 353 3560 a
367 3510 482 3559 senatu
491 3495 614 3559 restitui
625 3496 771 3560 orabant.
782 3499 941 3562 Caeterum
954 3503 990 3565 C.
1003 3503 1143 3570 Marcius
1160 3531 1243 3575 cons
1293 3484 1307 3553 .'

208 3620 285 3664 cum
301 3596 444 3661 exercitu
464 3596 498 3658 in
520 3594 601 3659 fines
615 3596 836 3661 Dalmatarum
851 3599 1067 3688 irruptionem
1084 3607 1172 3673 fecit.
1194 3490 1323 3705 saw

206 3696 454 3765 occurrentibus
473 3712 606 3761 strenue
626 3697 799 3781 Dalmatis,
815 3701 994 3790 ignominia
1011 3723 1043 3770 et
1058 3730 1151 3796 paene
1168 3702 1277 3782 clades

205 3815 336 3889 accepta
352 3814 401 3863 est
419 3845 428 3880 ,
447 3797 578 3863 turbato
603 3800 827 3864 Romanorum
852 3806 998 3892 agmine,
1020 3824 1053 3872 et
1072 3810 1114 3874 ad
1135 3811 1277 3883 lluvium
1296 3882 1299 3887 ,

204 3922 310 3991 utque
324 3900 490 3966 Naronem
505 3913 677 3964 retroacto.
696 3900 904 3989 Quapropter
920 3907 1166 3994 emendaturus,
1181 3917 1276 4004 quod

105 4048 112 4057 .
129 4084 133 4093 Ι
235 4089 322 4159 §1¹-
331 4088 420 4156 Polyb.
431 4114 466 4127 -
474 4089 583 4154 Appia,
595 4115 630 4127 ..
643 4087 659 4153 s
671 4091 744 4140 xx1.
755 4091 862 4156 Appian.
874 4095 943 4158 lllyr.
954 4124 988 4134 -
998 4099 1085 4164 Polyb.
