<?xml version="1.0" encoding="UTF-8"?>
<!DOCTYPE html PUBLIC "-//W3C//DTD XHTML 1.0 Transitional//EN"
    "http://www.w3.org/TR/xhtml1/DTD/xhtml1-transitional.dtd">
<html xmlns="http://www.w3.org/1999/xhtml" xml:lang="en" lang="en">
 <head>
  <title>
</title>
<meta http-equiv="Content-Type" content="text/html;charset=utf-8" />
  <meta name='ocr-system' content='tesseract 3.04.00' />
  <meta name='ocr-capabilities' content='ocr_page ocr_carea ocr_par ocr_line ocrx_word'/>
</head>
<body>
  <div class='ocr_page' id='page_1' title='image "bibliothecaclas00lemagoog_0026.png"; bbox 0 0 2654 4830; ppageno 0'>
   <div class='ocr_carea' id='block_1_1' title="bbox 253 346 1134 418">
    <p class='ocr_par' dir='ltr' id='par_1_1' title="bbox 253 346 1134 418">
     <span class='ocr_line' id='line_1_1' title="bbox 253 346 1134 418; baseline -0.002 0"><span class='ocrx_word' id='word_1_1' title='bbox 253 349 308 418; x_wconf 84' lang='lat' dir='ltr'><strong>IN</strong></span> <span class='ocrx_word' id='word_1_2' title='bbox 339 347 450 417; x_wconf 86' lang='lat' dir='ltr'><strong>LOC.</strong></span> <span class='ocrx_word' id='word_1_3' title='bbox 476 348 572 416; x_wconf 90' lang='lat' dir='ltr'><strong>LlB.</strong></span> <span class='ocrx_word' id='word_1_4' title='bbox 599 346 722 415; x_wconf 83' lang='lat' dir='ltr'><strong>XLVI</strong></span> <span class='ocrx_word' id='word_1_5' title='bbox 750 347 962 417; x_wconf 86' lang='lat' dir='ltr'><strong>LIVIANI.</strong></span> <span class='ocrx_word' id='word_1_6' title='bbox 1099 370 1134 417; x_wconf 85' lang='grc' dir='ltr'><strong>ιι</strong></span> 
     </span>
    </p>
   </div>
   <div class='ocr_carea' id='block_1_2' title="bbox 48 466 1141 3809">
    <p class='ocr_par' dir='ltr' id='par_1_2' title="bbox 60 466 1141 1775">
     <span class='ocr_line' id='line_1_2' title="bbox 114 466 1139 552; baseline 0 -17"><span class='ocrx_word' id='word_1_7' title='bbox 114 469 237 535; x_wconf 84' lang='lat' dir='ltr'>XVIII.</span> <span class='ocrx_word' id='word_1_8' title='bbox 247 470 384 535; x_wconf 87' lang='lat' dir='ltr'><strong>Comitia</strong></span> <span class='ocrx_word' id='word_1_9' title='bbox 393 466 511 533; x_wconf 91' lang='lat' dir='ltr'><strong>deinde</strong></span> <span class='ocrx_word' id='word_1_10' title='bbox 520 469 702 533; x_wconf 85' lang='lat' dir='ltr'><strong>consularia</strong></span> <span class='ocrx_word' id='word_1_11' title='bbox 713 467 854 533; x_wconf 81' lang='lat' dir='ltr'><strong>habente</strong></span> <span class='ocrx_word' id='word_1_12' title='bbox 864 471 903 533; x_wconf 98' lang='lat' dir='ltr'><strong>A.</strong></span> <span class='ocrx_word' id='word_1_13' title='bbox 913 469 1048 552; x_wconf 89' lang='lat' dir='ltr'><strong>Manlio,</strong></span> <span class='ocrx_word' id='word_1_14' title='bbox 1063 492 1139 535; x_wconf 86' lang='lat' dir='ltr'><strong>rranr</strong></span> 
     </span>
     <span class='ocr_line' id='line_1_3' title="bbox 67 568 1141 662; baseline -0.002 -25"><span class='ocrx_word' id='word_1_15' title='bbox 67 572 195 662; x_wconf 85' lang='lat' dir='ltr'><strong>collega</strong></span> <span class='ocrx_word' id='word_1_16' title='bbox 209 571 278 652; x_wconf 86' lang='lat' dir='ltr'><strong>ejus</strong></span> <span class='ocrx_word' id='word_1_17' title='bbox 294 571 336 653; x_wconf 88' lang='lat' dir='ltr'><strong>Q.</strong></span> <span class='ocrx_word' id='word_1_18' title='bbox 357 570 483 636; x_wconf 79' lang='lat' dir='ltr'>Cassius</span> <span class='ocrx_word' id='word_1_19' title='bbox 504 570 540 633; x_wconf 94' lang='lat' dir='ltr'><strong>in</strong></span> <span class='ocrx_word' id='word_1_20' title='bbox 561 569 747 659; x_wconf 88' lang='lat' dir='ltr'><strong>magistratu</strong></span> <span class='ocrx_word' id='word_1_21' title='bbox 768 568 965 648; x_wconf 84' lang='lat' dir='ltr'><strong>decesserat,</strong></span> <span class='ocrx_word' id='word_1_22' title='bbox 981 570 1031 635; x_wconf 84' lang='lat' dir='ltr'><strong>Ti.</strong></span> <span class='ocrx_word' id='word_1_23' title='bbox 1048 572 1141 636; x_wconf 89' lang='lat' dir='ltr'><strong>Sem·</strong></span> 
     </span>
     <span class='ocr_line' id='line_1_4' title="bbox 65 670 1137 761; baseline 0.001 -24"><span class='ocrx_word' id='word_1_24' title='bbox 65 672 250 761; x_wconf 85' lang='lat' dir='ltr'><strong>proniusP.</strong></span> <span class='ocrx_word' id='word_1_25' title='bbox 258 672 393 739; x_wconf 83' lang='lat' dir='ltr'><strong>F.Ti.N.</strong></span> <span class='ocrx_word' id='word_1_26' title='bbox 403 671 567 737; x_wconf 88' lang='lat' dir='ltr'><strong>Gracchus</strong></span> <span class='ocrx_word' id='word_1_27' title='bbox 574 672 694 736; x_wconf 89' lang='lat' dir='ltr'><strong>iterum</strong></span> <span class='ocrx_word' id='word_1_28' title='bbox 702 718 710 751; x_wconf 93' lang='lat'><strong>,</strong></span> <span class='ocrx_word' id='word_1_29' title='bbox 718 670 773 735; x_wconf 87' lang='grc' dir='ltr'><strong>Μ’.</strong></span> <span class='ocrx_word' id='word_1_30' title='bbox 781 671 951 736; x_wconf 81' lang='lat' dir='ltr'><strong>luventius</strong></span> <span class='ocrx_word' id='word_1_31' title='bbox 959 672 997 735; x_wconf 89' lang='lat' dir='ltr'><strong>T.</strong></span> <span class='ocrx_word' id='word_1_32' title='bbox 1009 672 1137 738; x_wconf 78' lang='lat' dir='ltr'><strong>F.&#39;I¹.N.</strong></span> 
     </span>
     <span class='ocr_line' id='line_1_5' title="bbox 65 773 1140 864; baseline -0.001 -25"><span class='ocrx_word' id='word_1_33' title='bbox 65 774 279 839; x_wconf 81' lang='lat' dir='ltr'><strong>Thalnafacti</strong></span> <span class='ocrx_word' id='word_1_34' title='bbox 288 788 376 839; x_wconf 88' lang='lat' dir='ltr'><strong>sunt.</strong></span> <span class='ocrx_word' id='word_1_35' title='bbox 386 774 414 838; x_wconf 93' lang='lat' dir='ltr'><strong>Ii</strong></span> <span class='ocrx_word' id='word_1_36' title='bbox 427 796 531 862; x_wconf 88' lang='lat' dir='ltr'><strong>quum</strong></span> <span class='ocrx_word' id='word_1_37' title='bbox 541 774 763 864; x_wconf 87' lang='lat' dir='ltr'><strong>magistratum</strong></span> <span class='ocrx_word' id='word_1_38' title='bbox 777 773 947 837; x_wconf 88' lang='lat' dir='ltr'><strong>inivissent</strong></span> <span class='ocrx_word' id='word_1_39' title='bbox 957 821 966 855; x_wconf 99' lang='lat'><strong>,</strong></span> <span class='ocrx_word' id='word_1_40' title='bbox 977 773 1028 838; x_wconf 85' lang='lat' dir='ltr'><strong>Ti.</strong></span> <span class='ocrx_word' id='word_1_41' title='bbox 1041 773 1140 838; x_wconf 86' lang='lat' dir='ltr'><strong>Grac·</strong></span> 
     </span>
     <span class='ocr_line' id='line_1_6' title="bbox 66 873 1138 962; baseline -0.003 -21"><span class='ocrx_word' id='word_1_42' title='bbox 66 876 153 941; x_wconf 87' lang='lat' dir='ltr'><strong>chus</strong></span> <span class='ocrx_word' id='word_1_43' title='bbox 174 874 334 953; x_wconf 77' lang='lat' dir='ltr'><strong>Galbam,</strong></span> <span class='ocrx_word' id='word_1_44' title='bbox 350 874 404 940; x_wconf 87' lang='grc' dir='ltr'><strong>Μ’.</strong></span> <span class='ocrx_word' id='word_1_45' title='bbox 429 874 599 939; x_wconf 82' lang='lat' dir='ltr'><strong>Iuventius</strong></span> <span class='ocrx_word' id='word_1_46' title='bbox 622 877 742 938; x_wconf 87' lang='lat' dir='ltr'><strong>Corsos</strong></span> <span class='ocrx_word' id='word_1_47' title='bbox 764 873 947 961; x_wconf 87' lang='lat' dir='ltr'><strong>provincias</strong></span> <span class='ocrx_word' id='word_1_48' title='bbox 967 894 1138 962; x_wconf 87' lang='lat' dir='ltr'><strong>accepere:</strong></span> 
     </span>
     <span class='ocr_line' id='line_1_7' title="bbox 65 974 1140 1066; baseline -0.002 -25"><span class='ocrx_word' id='word_1_49' title='bbox 65 975 127 1041; x_wconf 80' lang='lat' dir='ltr'><strong>sed</strong></span> <span class='ocrx_word' id='word_1_50' title='bbox 142 977 178 1041; x_wconf 91' lang='lat' dir='ltr'><strong>in</strong></span> <span class='ocrx_word' id='word_1_51' title='bbox 188 976 280 1041; x_wconf 84' lang='lat' dir='ltr'>Urbe</span> <span class='ocrx_word' id='word_1_52' title='bbox 292 974 360 1040; x_wconf 92' lang='lat' dir='ltr'><strong>ludi</strong></span> <span class='ocrx_word' id='word_1_53' title='bbox 375 976 571 1066; x_wconf 76' lang='lat' dir='ltr'><strong>megalenses</strong></span> <span class='ocrx_word' id='word_1_54' title='bbox 586 999 605 1039; x_wconf 94' lang='lat' dir='ltr'><strong>a</strong></span> <span class='ocrx_word' id='word_1_55' title='bbox 618 978 653 1040; x_wconf 91' lang='lat' dir='ltr'><strong>L.</strong></span> <span class='ocrx_word' id='word_1_56' title='bbox 669 974 822 1039; x_wconf 88' lang='lat' dir='ltr'><strong>Cornelio</strong></span> <span class='ocrx_word' id='word_1_57' title='bbox 839 975 977 1039; x_wconf 87' lang='lat' dir='ltr'><strong>Lentulo</strong></span> <span class='ocrx_word' id='word_1_58' title='bbox 985 976 1140 1057; x_wconf 51' lang='lat' dir='ltr'><strong>,*L.Vale·</strong></span> 
     </span>
     <span class='ocr_line' id='line_1_8' title="bbox 63 1074 1140 1160; baseline -0.002 -19"><span class='ocrx_word' id='word_1_59' title='bbox 63 1076 119 1141; x_wconf 86' lang='lat' dir='ltr'><strong>rio</strong></span> <span class='ocrx_word' id='word_1_60' title='bbox 136 1077 254 1143; x_wconf 87' lang='lat' dir='ltr'><strong>Flacco</strong></span> <span class='ocrx_word' id='word_1_61' title='bbox 268 1074 415 1142; x_wconf 76' lang='lat' dir='ltr'><strong>aedilibus</strong></span> <span class='ocrx_word' id='word_1_62' title='bbox 434 1077 618 1160; x_wconf 87' lang='lat' dir='ltr'><strong>curulibus,</strong></span> <span class='ocrx_word' id='word_1_63' title='bbox 635 1077 698 1141; x_wconf 88' lang='lat' dir='ltr'><strong>acti</strong></span> <span class='ocrx_word' id='word_1_64' title='bbox 718 1091 805 1141; x_wconf 89' lang='lat' dir='ltr'><strong>sunt.</strong></span> <span class='ocrx_word' id='word_1_65' title='bbox 821 1077 859 1139; x_wconf 93' lang='lat' dir='ltr'><strong>In</strong></span> <span class='ocrx_word' id='word_1_66' title='bbox 880 1079 986 1140; x_wconf 87' lang='lat' dir='ltr'><strong>Corsis</strong></span> <span class='ocrx_word' id='word_1_67' title='bbox 1003 1077 1140 1142; x_wconf 84' lang='lat' dir='ltr'><strong>feliciter</strong></span> 
     </span>
     <span class='ocr_line' id='line_1_9' title="bbox 65 1177 1138 1267; baseline -0.003 -24"><span class='ocrx_word' id='word_1_68' title='bbox 65 1177 226 1244; x_wconf 90' lang='lat' dir='ltr'><strong>bellatum</strong></span> <span class='ocrx_word' id='word_1_69' title='bbox 239 1200 336 1244; x_wconf 83' lang='lat' dir='ltr'><strong>causa</strong></span> <span class='ocrx_word' id='word_1_70' title='bbox 351 1179 451 1244; x_wconf 85' lang='lat' dir='ltr'><strong>luisse</strong></span> <span class='ocrx_word' id='word_1_71' title='bbox 467 1194 602 1267; x_wconf 87' lang='lat' dir='ltr'><strong>putatur</strong></span> <span class='ocrx_word' id='word_1_72' title='bbox 615 1178 757 1259; x_wconf 90' lang='lat' dir='ltr'><strong>consuli,</strong></span> <span class='ocrx_word' id='word_1_73' title='bbox 772 1193 811 1241; x_wconf 93' lang='lat' dir='ltr'><strong>ut</strong></span> <span class='ocrx_word' id='word_1_74' title='bbox 826 1177 989 1242; x_wconf 84' lang='lat' dir='ltr'><strong>rarissimo</strong></span> <span class='ocrx_word' id='word_1_75' title='bbox 1008 1178 1064 1242; x_wconf 87' lang='lat' dir='ltr'><strong>fati</strong></span> <span class='ocrx_word' id='word_1_76' title='bbox 1080 1200 1138 1267; x_wconf 89' lang='lat' dir='ltr'><strong>ge·</strong></span> 
     </span>
     <span class='ocr_line' id='line_1_10' title="bbox 63 1277 1137 1363; baseline -0.002 -20"><span class='ocrx_word' id='word_1_77' title='bbox 63 1300 148 1343; x_wconf 85' lang='lat' dir='ltr'><strong>nere</strong></span> <span class='ocrx_word' id='word_1_78' title='bbox 167 1279 326 1345; x_wconf 81' lang='lat' dir='ltr'><strong>interiret.</strong></span> <span class='ocrx_word' id='word_1_79' title='bbox 343 1279 455 1363; x_wconf 91' lang='lat' dir='ltr'><strong>Quum</strong></span> <span class='ocrx_word' id='word_1_80' title='bbox 475 1279 563 1343; x_wconf 85' lang='lat' dir='ltr'><strong>eninr</strong></span> <span class='ocrx_word' id='word_1_81' title='bbox 582 1278 772 1343; x_wconf 84' lang='lat' dir='ltr'><strong>sacrificanti</strong></span> <span class='ocrx_word' id='word_1_82' title='bbox 791 1277 876 1342; x_wconf 85' lang='lat' dir='ltr'><strong>forte</strong></span> <span class='ocrx_word' id='word_1_83' title='bbox 893 1278 990 1342; x_wconf 87' lang='lat' dir='ltr'><strong>literae</strong></span> <span class='ocrx_word' id='word_1_84' title='bbox 1007 1294 1137 1343; x_wconf 86' lang='lat' dir='ltr'><strong>senatus</strong></span> 
     </span>
     <span class='ocr_line' id='line_1_11' title="bbox 61 1378 1138 1470; baseline -0.002 -25"><span class='ocrx_word' id='word_1_85' title='bbox 61 1381 169 1445; x_wconf 68' lang='lat' dir='ltr'><strong>allatus</strong></span> <span class='ocrx_word' id='word_1_86' title='bbox 177 1396 301 1465; x_wconf 88' lang='lat' dir='ltr'><strong>essent,</strong></span> <span class='ocrx_word' id='word_1_87' title='bbox 313 1404 386 1470; x_wconf 81' lang='lat' dir='ltr'><strong>quoe</strong></span> <span class='ocrx_word' id='word_1_88' title='bbox 395 1382 434 1445; x_wconf 82' lang='lat' dir='ltr'><strong>ob</strong></span> <span class='ocrx_word' id='word_1_89' title='bbox 445 1404 492 1446; x_wconf 85' lang='lat' dir='ltr'><strong>res</strong></span> <span class='ocrx_word' id='word_1_90' title='bbox 502 1382 544 1444; x_wconf 82' lang='lat' dir='ltr'><strong>ab</strong></span> <span class='ocrx_word' id='word_1_91' title='bbox 556 1405 592 1446; x_wconf 87' lang='lat' dir='ltr'><strong>eo</strong></span> <span class='ocrx_word' id='word_1_92' title='bbox 598 1392 703 1468; x_wconf 83' lang='lat' dir='ltr'><strong>gestos</strong></span> <span class='ocrx_word' id='word_1_93' title='bbox 715 1378 969 1467; x_wconf 68' lang='lat' dir='ltr'><strong>supplmonbrmm</strong></span> <span class='ocrx_word' id='word_1_94' title='bbox 982 1380 1138 1445; x_wconf 80' lang='lat' dir='ltr'><strong>decretam</strong></span> 
     </span>
     <span class='ocr_line' id='line_1_12' title="bbox 62 1480 1137 1572; baseline 0.001 -26"><span class='ocrx_word' id='word_1_95' title='bbox 62 1481 283 1568; x_wconf 71' lang='lat' dir='ltr'><strong>nuntiabant,</strong></span> <span class='ocrx_word' id='word_1_96' title='bbox 306 1504 359 1547; x_wconf 86' lang='lat' dir='ltr'><strong>eas</strong></span> <span class='ocrx_word' id='word_1_97' title='bbox 383 1483 595 1548; x_wconf 82' lang='lat' dir='ltr'><strong>attentissime</strong></span> <span class='ocrx_word' id='word_1_98' title='bbox 615 1484 725 1572; x_wconf 90' lang='lat' dir='ltr'><strong>legens</strong></span> <span class='ocrx_word' id='word_1_99' title='bbox 747 1496 822 1546; x_wconf 90' lang='lat' dir='ltr'><strong>ante</strong></span> <span class='ocrx_word' id='word_1_100' title='bbox 841 1480 1004 1564; x_wconf 85' lang='lat' dir='ltr'><strong>foculum,</strong></span> <span class='ocrx_word' id='word_1_101' title='bbox 1026 1483 1137 1547; x_wconf 89' lang='lat' dir='ltr'><strong>subito</strong></span> 
     </span>
     <span class='ocr_line' id='line_1_13' title="bbox 60 1582 1137 1674; baseline 0 -26"><span class='ocrx_word' id='word_1_102' title='bbox 60 1582 230 1668; x_wconf 82' lang='lat' dir='ltr'><strong>concidit,</strong></span> <span class='ocrx_word' id='word_1_103' title='bbox 247 1584 442 1668; x_wconf 83' lang='lat' dir='ltr'><strong>exstinctus,</strong></span> <span class='ocrx_word' id='word_1_104' title='bbox 461 1600 500 1649; x_wconf 92' lang='lat' dir='ltr'><strong>ut</strong></span> <span class='ocrx_word' id='word_1_105' title='bbox 514 1600 665 1673; x_wconf 88' lang='lat' dir='ltr'><strong>putatur,</strong></span> <span class='ocrx_word' id='word_1_106' title='bbox 679 1583 816 1674; x_wconf 92' lang='lat' dir='ltr'><strong>gaudio,</strong></span> <span class='ocrx_word' id='word_1_107' title='bbox 836 1584 929 1665; x_wconf 86' lang='lat' dir='ltr'><strong>cujus</strong></span> <span class='ocrx_word' id='word_1_108' title='bbox 944 1584 979 1647; x_wconf 93' lang='lat' dir='ltr'><strong>in</strong></span> <span class='ocrx_word' id='word_1_109' title='bbox 1003 1585 1137 1648; x_wconf 89' lang='lat' dir='ltr'><strong>transla-</strong></span> 
     </span>
     <span class='ocr_line' id='line_1_14' title="bbox 61 1684 1091 1775; baseline 0.003 -27"><span class='ocrx_word' id='word_1_110' title='bbox 61 1685 135 1748; x_wconf 81' lang='lat' dir='ltr'><strong>titia</strong></span> <span class='ocrx_word' id='word_1_111' title='bbox 150 1684 303 1749; x_wconf 78' lang='lat' dir='ltr'><strong>felicitate</strong></span> <span class='ocrx_word' id='word_1_112' title='bbox 318 1686 544 1775; x_wconf 84' lang='lat' dir='ltr'><strong>intemperiem</strong></span> <span class='ocrx_word' id='word_1_113' title='bbox 560 1702 716 1774; x_wconf 87' lang='lat' dir='ltr'><strong>angustus</strong></span> <span class='ocrx_word' id='word_1_114' title='bbox 730 1687 858 1750; x_wconf 89' lang='lat' dir='ltr'><strong>animus</strong></span> <span class='ocrx_word' id='word_1_115' title='bbox 876 1708 943 1749; x_wconf 89' lang='lat' dir='ltr'><strong>non</strong></span> <span class='ocrx_word' id='word_1_116' title='bbox 959 1686 1091 1751; x_wconf 82' lang='lat' dir='ltr'><strong>serebat.</strong></span> 
     </span>
    </p>

    <p class='ocr_par' dir='ltr' id='par_1_3' title="bbox 51 1786 1138 3275">
     <span class='ocr_line' id='line_1_15' title="bbox 107 1786 1136 1877; baseline 0 -26"><span class='ocrx_word' id='word_1_117' title='bbox 107 1787 205 1851; x_wconf 82' lang='lat' dir='ltr'><strong>XIX.</strong></span> <span class='ocrx_word' id='word_1_118' title='bbox 223 1788 356 1853; x_wconf 88' lang='lat' dir='ltr'><strong>Circum</strong></span> <span class='ocrx_word' id='word_1_119' title='bbox 369 1788 440 1853; x_wconf 82' lang='lat' dir='ltr'><strong>haec</strong></span> <span class='ocrx_word' id='word_1_120' title='bbox 456 1802 621 1877; x_wconf 81' lang='lat' dir='ltr'><strong>tempora,</strong></span> <span class='ocrx_word' id='word_1_121' title='bbox 638 1810 742 1876; x_wconf 87' lang='lat' dir='ltr'><strong>quum</strong></span> <span class='ocrx_word' id='word_1_122' title='bbox 763 1788 828 1867; x_wconf 86' lang='lat' dir='ltr'><strong>jam</strong></span> <span class='ocrx_word' id='word_1_123' title='bbox 846 1786 981 1852; x_wconf 87' lang='lat' dir='ltr'><strong>mirifice</strong></span> <span class='ocrx_word' id='word_1_124' title='bbox 999 1787 1136 1877; x_wconf 86' lang='lat' dir='ltr'><strong>amplifi·</strong></span> 
     </span>
     <span class='ocr_line' id='line_1_16' title="bbox 58 1889 1138 1978; baseline 0.001 -26"><span class='ocrx_word' id='word_1_125' title='bbox 58 1904 135 1952; x_wconf 88' lang='lat' dir='ltr'><strong>cata</strong></span> <span class='ocrx_word' id='word_1_126' title='bbox 149 1910 202 1953; x_wconf 88' lang='lat' dir='ltr'><strong>res</strong></span> <span class='ocrx_word' id='word_1_127' title='bbox 213 1911 348 1953; x_wconf 85' lang='lat' dir='ltr'><strong>romana</strong></span> <span class='ocrx_word' id='word_1_128' title='bbox 360 1906 459 1971; x_wconf 89' lang='lat' dir='ltr'><strong>esset,</strong></span> <span class='ocrx_word' id='word_1_129' title='bbox 469 1890 615 1955; x_wconf 87' lang='lat' dir='ltr'><strong>moribus</strong></span> <span class='ocrx_word' id='word_1_130' title='bbox 630 1890 779 1953; x_wconf 90' lang='lat' dir='ltr'><strong>omnium</strong></span> <span class='ocrx_word' id='word_1_131' title='bbox 793 1889 895 1953; x_wconf 83' lang='lat' dir='ltr'><strong>ferme</strong></span> <span class='ocrx_word' id='word_1_132' title='bbox 910 1911 1087 1978; x_wconf 89' lang='lat' dir='ltr'><strong>regnorum</strong></span> <span class='ocrx_word' id='word_1_133' title='bbox 1101 1910 1138 1953; x_wconf 86' lang='lat' dir='ltr'><strong>se</strong></span> 
     </span>
     <span class='ocr_line' id='line_1_17' title="bbox 58 1989 1136 2081; baseline 0.002 -27"><span class='ocrx_word' id='word_1_134' title='bbox 58 1989 257 2078; x_wconf 78' lang='lat' dir='ltr'><strong>permiscuit</strong></span> <span class='ocrx_word' id='word_1_135' title='bbox 275 2014 284 2056; x_wconf 77' lang='grc' dir='ltr'><em>τ</em></span> <span class='ocrx_word' id='word_1_136' title='bbox 300 2014 401 2080; x_wconf 88' lang='lat' dir='ltr'><strong>quare</strong></span> <span class='ocrx_word' id='word_1_137' title='bbox 425 1992 576 2081; x_wconf 84' lang='lat' dir='ltr'><strong>deinceps</strong></span> <span class='ocrx_word' id='word_1_138' title='bbox 605 1991 783 2058; x_wconf 87' lang='lat' dir='ltr'><strong>domestica</strong></span> <span class='ocrx_word' id='word_1_139' title='bbox 806 2009 1002 2081; x_wconf 87' lang='lat' dir='ltr'><strong>externaque</strong></span> <span class='ocrx_word' id='word_1_140' title='bbox 1027 2007 1136 2081; x_wconf 83' lang='lat' dir='ltr'><strong>gesta,</strong></span> 
     </span>
     <span class='ocr_line' id='line_1_18' title="bbox 56 2093 1136 2182; baseline 0.002 -26"><span class='ocrx_word' id='word_1_141' title='bbox 56 2093 160 2157; x_wconf 90' lang='lat' dir='ltr'><strong>sicuti</strong></span> <span class='ocrx_word' id='word_1_142' title='bbox 169 2094 274 2159; x_wconf 88' lang='lat' dir='ltr'><strong>causis</strong></span> <span class='ocrx_word' id='word_1_143' title='bbox 285 2094 521 2182; x_wconf 83' lang='lat' dir='ltr'><strong>eventibusque</strong></span> <span class='ocrx_word' id='word_1_144' title='bbox 531 2109 609 2158; x_wconf 91' lang='lat' dir='ltr'><strong>sunt</strong></span> <span class='ocrx_word' id='word_1_145' title='bbox 619 2116 779 2176; x_wconf 87' lang='lat' dir='ltr'><strong>connexa,</strong></span> <span class='ocrx_word' id='word_1_146' title='bbox 789 2094 939 2158; x_wconf 88' lang='lat' dir='ltr'><strong>sicetiam</strong></span> <span class='ocrx_word' id='word_1_147' title='bbox 950 2095 1136 2158; x_wconf 87' lang='lat' dir='ltr'><strong>narratione</strong></span> 
     </span>
     <span class='ocr_line' id='line_1_19' title="bbox 56 2194 1133 2285; baseline 0.002 -27"><span class='ocrx_word' id='word_1_148' title='bbox 56 2194 320 2285; x_wconf 80' lang='lat' dir='ltr'><strong>conjungentur.</strong></span> <span class='ocrx_word' id='word_1_149' title='bbox 345 2196 475 2261; x_wconf 86' lang='lat' dir='ltr'><strong>Pursias</strong></span> <span class='ocrx_word' id='word_1_150' title='bbox 502 2217 671 2285; x_wconf 86' lang='lat' dir='ltr'><strong>nunquam</strong></span> <span class='ocrx_word' id='word_1_151' title='bbox 694 2218 806 2284; x_wconf 87' lang='lat' dir='ltr'><strong>aequus</strong></span> <span class='ocrx_word' id='word_1_152' title='bbox 830 2196 989 2278; x_wconf 83' lang='lat' dir='ltr'><strong>Eumeni,</strong></span> <span class='ocrx_word' id='word_1_153' title='bbox 1012 2210 1045 2259; x_wconf 88' lang='lat' dir='ltr'><strong>et</strong></span> <span class='ocrx_word' id='word_1_154' title='bbox 1066 2198 1133 2276; x_wconf 90' lang='lat' dir='ltr'><strong>jam</strong></span> 
     </span>
     <span class='ocr_line' id='line_1_20' title="bbox 56 2294 1134 2385; baseline 0.002 -26"><span class='ocrx_word' id='word_1_155' title='bbox 56 2294 152 2384; x_wconf 87' lang='lat' dir='ltr'><strong>apud</strong></span> <span class='ocrx_word' id='word_1_156' title='bbox 168 2313 317 2362; x_wconf 87' lang='lat' dir='ltr'><strong>senatum</strong></span> <span class='ocrx_word' id='word_1_157' title='bbox 336 2297 575 2362; x_wconf 84' lang='lat' dir='ltr'><strong>criminationes</strong></span> <span class='ocrx_word' id='word_1_158' title='bbox 591 2297 742 2362; x_wconf 85' lang='lat' dir='ltr'><strong>adversus</strong></span> <span class='ocrx_word' id='word_1_159' title='bbox 761 2299 852 2362; x_wconf 89' lang='lat' dir='ltr'><strong>illurn</strong></span> <span class='ocrx_word' id='word_1_160' title='bbox 872 2299 983 2385; x_wconf 87' lang='lat' dir='ltr'><strong>pronis</strong></span> <span class='ocrx_word' id='word_1_161' title='bbox 1000 2298 1134 2362; x_wconf 88' lang='lat' dir='ltr'><strong>auribus</strong></span> 
     </span>
     <span class='ocr_line' id='line_1_21' title="bbox 56 2397 1133 2488; baseline 0.001 -27"><span class='ocrx_word' id='word_1_162' title='bbox 56 2398 169 2486; x_wconf 87' lang='lat' dir='ltr'><strong>accipi</strong></span> <span class='ocrx_word' id='word_1_163' title='bbox 187 2397 320 2481; x_wconf 90' lang='lat' dir='ltr'><strong>doctus,</strong></span> <span class='ocrx_word' id='word_1_164' title='bbox 339 2420 406 2463; x_wconf 92' lang='lat' dir='ltr'><strong>non</strong></span> <span class='ocrx_word' id='word_1_165' title='bbox 426 2399 595 2463; x_wconf 87' lang='lat' dir='ltr'><strong>desinebat</strong></span> <span class='ocrx_word' id='word_1_166' title='bbox 614 2399 782 2464; x_wconf 88' lang='lat' dir='ltr'><strong>intendere</strong></span> <span class='ocrx_word' id='word_1_167' title='bbox 800 2400 1016 2488; x_wconf 83' lang='lat' dir='ltr'><strong>suspiciones,</strong></span> <span class='ocrx_word' id='word_1_168' title='bbox 1037 2400 1133 2463; x_wconf 87' lang='lat' dir='ltr'><strong>etiam</strong></span> 
     </span>
     <span class='ocr_line' id='line_1_22' title="bbox 55 2500 1134 2591; baseline 0 -27"><span class='ocrx_word' id='word_1_169' title='bbox 55 2500 269 2589; x_wconf 83' lang='lat' dir='ltr'><strong>Gallograecis</strong></span> <span class='ocrx_word' id='word_1_170' title='bbox 286 2517 319 2564; x_wconf 90' lang='lat' dir='ltr'><strong>et</strong></span> <span class='ocrx_word' id='word_1_171' title='bbox 337 2501 561 2591; x_wconf 88' lang='lat' dir='ltr'><strong>Selgeusibus,</strong></span> <span class='ocrx_word' id='word_1_172' title='bbox 581 2502 714 2588; x_wconf 87' lang='lat' dir='ltr'><strong>aliisque</strong></span> <span class='ocrx_word' id='word_1_173' title='bbox 728 2524 786 2590; x_wconf 90' lang='lat' dir='ltr'><strong>per</strong></span> <span class='ocrx_word' id='word_1_174' title='bbox 802 2501 911 2566; x_wconf 82' lang='lat' dir='ltr'><strong>Asiam</strong></span> <span class='ocrx_word' id='word_1_175' title='bbox 927 2501 1075 2590; x_wconf 89' lang='lat' dir='ltr'><strong>populis,</strong></span> <span class='ocrx_word' id='word_1_176' title='bbox 1092 2500 1134 2565; x_wconf 90' lang='lat' dir='ltr'><strong>ad</strong></span> 
     </span>
     <span class='ocr_line' id='line_1_23' title="bbox 55 2600 1133 2692; baseline 0.003 -29"><span class='ocrx_word' id='word_1_177' title='bbox 55 2600 151 2664; x_wconf 88' lang='lat' dir='ltr'><strong>idern</strong></span> <span class='ocrx_word' id='word_1_178' title='bbox 170 2600 360 2665; x_wconf 85' lang='lat' dir='ltr'><strong>faciundum</strong></span> <span class='ocrx_word' id='word_1_179' title='bbox 384 2602 536 2667; x_wconf 85' lang='lat' dir='ltr'><strong>excitatis.</strong></span> <span class='ocrx_word' id='word_1_180' title='bbox 560 2604 663 2692; x_wconf 85' lang='lat' dir='ltr'><strong>Igitur</strong></span> <span class='ocrx_word' id='word_1_181' title='bbox 684 2603 865 2685; x_wconf 89' lang='lat' dir='ltr'><strong>Eumenes,</strong></span> <span class='ocrx_word' id='word_1_182' title='bbox 888 2603 1043 2690; x_wconf 88' lang='lat' dir='ltr'><strong>quoniam</strong></span> <span class='ocrx_word' id='word_1_183' title='bbox 1064 2602 1133 2690; x_wconf 84' lang='lat' dir='ltr'><strong>ipse</strong></span> 
     </span>
     <span class='ocr_line' id='line_1_24' title="bbox 51 2702 1131 2786; baseline 0 -19"><span class='ocrx_word' id='word_1_184' title='bbox 51 2706 170 2767; x_wconf 85' lang='lat' dir='ltr'><strong>Roma</strong></span> <span class='ocrx_word' id='word_1_185' title='bbox 187 2702 432 2786; x_wconf 83' lang='lat' dir='ltr'><strong>excludebatur,</strong></span> <span class='ocrx_word' id='word_1_186' title='bbox 452 2705 564 2769; x_wconf 89' lang='lat' dir='ltr'><strong>fratres</strong></span> <span class='ocrx_word' id='word_1_187' title='bbox 592 2705 733 2768; x_wconf 86' lang='lat' dir='ltr'><strong>Attalum</strong></span> <span class='ocrx_word' id='word_1_188' title='bbox 755 2722 788 2768; x_wconf 92' lang='lat' dir='ltr'><strong>et</strong></span> <span class='ocrx_word' id='word_1_189' title='bbox 808 2705 1001 2768; x_wconf 70' lang='lat' dir='ltr'><strong>Athenaeum</strong></span> <span class='ocrx_word' id='word_1_190' title='bbox 1024 2704 1131 2785; x_wconf 90' lang='lat' dir='ltr'><strong>misit,</strong></span> 
     </span>
     <span class='ocr_line' id='line_1_25' title="bbox 53 2804 1130 2894; baseline 0.002 -27"><span class='ocrx_word' id='word_1_191' title='bbox 53 2804 203 2892; x_wconf 83' lang='lat' dir='ltr'><strong>querelis</strong></span> <span class='ocrx_word' id='word_1_192' title='bbox 215 2805 363 2869; x_wconf 90' lang='lat' dir='ltr'><strong>omnium</strong></span> <span class='ocrx_word' id='word_1_193' title='bbox 376 2828 600 2894; x_wconf 85' lang='lat' dir='ltr'><strong>responsuros.</strong></span> <span class='ocrx_word' id='word_1_194' title='bbox 615 2805 713 2888; x_wconf 88' lang='lat' dir='ltr'><strong>Quod</strong></span> <span class='ocrx_word' id='word_1_195' title='bbox 726 2806 770 2868; x_wconf 91' lang='lat' dir='ltr'><strong>illi</strong></span> <span class='ocrx_word' id='word_1_196' title='bbox 783 2828 885 2892; x_wconf 88' lang='lat' dir='ltr'><strong>quum</strong></span> <span class='ocrx_word' id='word_1_197' title='bbox 899 2804 988 2867; x_wconf 93' lang='lat' dir='ltr'><strong>haud</strong></span> <span class='ocrx_word' id='word_1_198' title='bbox 1002 2806 1130 2869; x_wconf 91' lang='lat' dir='ltr'><strong>incom-</strong></span> 
     </span>
     <span class='ocr_line' id='line_1_26' title="bbox 51 2904 1131 2995; baseline -0.001 -26"><span class='ocrx_word' id='word_1_199' title='bbox 51 2904 162 2970; x_wconf 89' lang='lat' dir='ltr'><strong>mode</strong></span> <span class='ocrx_word' id='word_1_200' title='bbox 172 2907 343 2993; x_wconf 88' lang='lat' dir='ltr'><strong>perfecisse</strong></span> <span class='ocrx_word' id='word_1_201' title='bbox 353 2906 551 2988; x_wconf 87' lang='lat' dir='ltr'><strong>viderentur,</strong></span> <span class='ocrx_word' id='word_1_202' title='bbox 569 2907 693 2995; x_wconf 89' lang='lat' dir='ltr'><strong>magnis</strong></span> <span class='ocrx_word' id='word_1_203' title='bbox 707 2905 889 2969; x_wconf 90' lang='lat' dir='ltr'><strong>honoribus</strong></span> <span class='ocrx_word' id='word_1_204' title='bbox 906 2905 1068 2993; x_wconf 88' lang='lat' dir='ltr'><strong>donisque</strong></span> <span class='ocrx_word' id='word_1_205' title='bbox 1082 2907 1131 2971; x_wconf 84' lang='lat' dir='ltr'><strong>af·</strong></span> 
     </span>
     <span class='ocr_line' id='line_1_27' title="bbox 51 3005 1130 3095; baseline -0.002 -24"><span class='ocrx_word' id='word_1_206' title='bbox 51 3008 138 3071; x_wconf 82' lang='lat' dir='ltr'><strong>fecti</strong></span> <span class='ocrx_word' id='word_1_207' title='bbox 153 3005 345 3073; x_wconf 86' lang='lat' dir='ltr'><strong>discessere:</strong></span> <span class='ocrx_word' id='word_1_208' title='bbox 360 3030 467 3095; x_wconf 88' lang='lat' dir='ltr'><strong>neque</strong></span> <span class='ocrx_word' id='word_1_209' title='bbox 481 3024 587 3070; x_wconf 89' lang='lat' dir='ltr'><strong>tamen</strong></span> <span class='ocrx_word' id='word_1_210' title='bbox 601 3007 707 3071; x_wconf 91' lang='lat' dir='ltr'><strong>omnis</strong></span> <span class='ocrx_word' id='word_1_211' title='bbox 722 3028 800 3069; x_wconf 85' lang='lat' dir='ltr'><strong>cura</strong></span> <span class='ocrx_word' id='word_1_212' title='bbox 813 3005 950 3069; x_wconf 87' lang='lat' dir='ltr'><strong>decessit</strong></span> <span class='ocrx_word' id='word_1_213' title='bbox 966 3005 1130 3089; x_wconf 89' lang='lat' dir='ltr'><strong>Patribus,</strong></span> 
     </span>
     <span class='ocr_line' id='line_1_28' title="bbox 52 3107 1130 3197; baseline 0.002 -27"><span class='ocrx_word' id='word_1_214' title='bbox 52 3130 233 3194; x_wconf 89' lang='lat' dir='ltr'><strong>nunquam</strong></span> <span class='ocrx_word' id='word_1_215' title='bbox 258 3108 333 3173; x_wconf 88' lang='lat' dir='ltr'><strong>satis</strong></span> <span class='ocrx_word' id='word_1_216' title='bbox 361 3108 504 3190; x_wconf 88' lang='lat' dir='ltr'><strong>credito,</strong></span> <span class='ocrx_word' id='word_1_217' title='bbox 522 3108 770 3196; x_wconf 83' lang='lat' dir='ltr'><strong>conspirationis</strong></span> <span class='ocrx_word' id='word_1_218' title='bbox 793 3107 945 3171; x_wconf 87' lang='lat' dir='ltr'><strong>adversus</strong></span> <span class='ocrx_word' id='word_1_219' title='bbox 968 3109 1130 3197; x_wconf 89' lang='lat' dir='ltr'><strong>populum</strong></span> 
     </span>
     <span class='ocr_line' id='line_1_29' title="bbox 52 3208 1084 3275; baseline 0.003 -4"><span class='ocrx_word' id='word_1_220' title='bbox 52 3230 233 3273; x_wconf 89' lang='lat' dir='ltr'><strong>romanum</strong></span> <span class='ocrx_word' id='word_1_221' title='bbox 255 3233 331 3274; x_wconf 90' lang='lat' dir='ltr'><strong>cum</strong></span> <span class='ocrx_word' id='word_1_222' title='bbox 347 3211 509 3275; x_wconf 88' lang='lat' dir='ltr'><strong>Antiocho</strong></span> <span class='ocrx_word' id='word_1_223' title='bbox 525 3211 612 3274; x_wconf 70' lang='lat' dir='ltr'><strong>initae</strong></span> <span class='ocrx_word' id='word_1_224' title='bbox 627 3232 741 3273; x_wconf 84' lang='lat' dir='ltr'><strong>vanam</strong></span> <span class='ocrx_word' id='word_1_225' title='bbox 760 3208 956 3273; x_wconf 88' lang='lat' dir='ltr'><strong>delationem</strong></span> <span class='ocrx_word' id='word_1_226' title='bbox 975 3209 1084 3274; x_wconf 86' lang='lat' dir='ltr'><strong>luisse.</strong></span> 
     </span>
    </p>

    <p class='ocr_par' dir='ltr' id='par_1_4' title="bbox 48 3310 1131 3809">
     <span class='ocr_line' id='line_1_30' title="bbox 102 3310 1128 3402; baseline 0.002 -30"><span class='ocrx_word' id='word_1_227' title='bbox 102 3310 181 3373; x_wconf 80' lang='lat' dir='ltr'><strong>XX.</strong></span> <span class='ocrx_word' id='word_1_228' title='bbox 196 3310 320 3376; x_wconf 87' lang='lat' dir='ltr'><strong>Placuit</strong></span> <span class='ocrx_word' id='word_1_229' title='bbox 338 3313 453 3402; x_wconf 90' lang='lat' dir='ltr'><strong>igitur,</strong></span> <span class='ocrx_word' id='word_1_230' title='bbox 478 3313 513 3376; x_wconf 89' lang='lat' dir='ltr'><strong>C.</strong></span> <span class='ocrx_word' id='word_1_231' title='bbox 538 3312 718 3400; x_wconf 91' lang='lat' dir='ltr'><strong>Sulpicium</strong></span> <span class='ocrx_word' id='word_1_232' title='bbox 739 3311 889 3393; x_wconf 88' lang='lat' dir='ltr'><strong>Gallum,</strong></span> <span class='ocrx_word' id='word_1_233' title='bbox 909 3312 953 3375; x_wconf 89' lang='lat' dir='ltr'><strong>M.</strong></span> <span class='ocrx_word' id='word_1_234' title='bbox 981 3312 1128 3400; x_wconf 89' lang='lat' dir='ltr'><strong>Sergium</strong></span> 
     </span>
     <span class='ocr_line' id='line_1_31' title="bbox 48 3410 1131 3503; baseline -0.003 -26"><span class='ocrx_word' id='word_1_235' title='bbox 48 3410 168 3500; x_wconf 83' lang='lat' dir='ltr'><strong>specie</strong></span> <span class='ocrx_word' id='word_1_236' title='bbox 178 3413 345 3502; x_wconf 84' lang='lat' dir='ltr'><strong>legationis</strong></span> <span class='ocrx_word' id='word_1_237' title='bbox 355 3413 395 3477; x_wconf 91' lang='lat' dir='ltr'><strong>ad</strong></span> <span class='ocrx_word' id='word_1_238' title='bbox 405 3415 537 3478; x_wconf 89' lang='lat' dir='ltr'><strong>consilia</strong></span> <span class='ocrx_word' id='word_1_239' title='bbox 549 3433 663 3503; x_wconf 90' lang='lat' dir='ltr'><strong>regum</strong></span> <span class='ocrx_word' id='word_1_240' title='bbox 676 3412 871 3501; x_wconf 84' lang='lat' dir='ltr'><strong>exploranda</strong></span> <span class='ocrx_word' id='word_1_241' title='bbox 880 3410 1050 3500; x_wconf 89' lang='lat' dir='ltr'><strong>proficisci.</strong></span> <span class='ocrx_word' id='word_1_242' title='bbox 1062 3413 1131 3476; x_wconf 90' lang='lat' dir='ltr'><strong>Oh-</strong></span> 
     </span>
     <span class='ocr_line' id='line_1_32' title="bbox 50 3513 1128 3603; baseline 0.002 -27"><span class='ocrx_word' id='word_1_243' title='bbox 50 3513 280 3578; x_wconf 85' lang='lat' dir='ltr'><strong>tendehantur</strong></span> <span class='ocrx_word' id='word_1_244' title='bbox 288 3537 338 3579; x_wconf 91' lang='lat' dir='ltr'><strong>res</strong></span> <span class='ocrx_word' id='word_1_245' title='bbox 349 3515 478 3580; x_wconf 82' lang='lat' dir='ltr'><strong>Grmciae</strong></span> <span class='ocrx_word' id='word_1_246' title='bbox 489 3516 606 3603; x_wconf 90' lang='lat' dir='ltr'><strong>passim</strong></span> <span class='ocrx_word' id='word_1_247' title='bbox 618 3517 742 3579; x_wconf 89' lang='lat' dir='ltr'><strong>interna</strong></span> <span class='ocrx_word' id='word_1_248' title='bbox 752 3514 912 3579; x_wconf 88' lang='lat' dir='ltr'><strong>discordia</strong></span> <span class='ocrx_word' id='word_1_249' title='bbox 923 3514 1108 3579; x_wconf 88' lang='lat' dir='ltr'><strong>dissidentis</strong></span> <span class='ocrx_word' id='word_1_250' title='bbox 1120 3538 1128 3578; x_wconf 92' lang='lat'>:</span> 
     </span>
     <span class='ocr_line' id='line_1_33' title="bbox 49 3616 1130 3706; baseline 0 -27"><span class='ocrx_word' id='word_1_251' title='bbox 49 3634 89 3680; x_wconf 79' lang='lat' dir='ltr'><strong>ct</strong></span> <span class='ocrx_word' id='word_1_252' title='bbox 106 3618 329 3682; x_wconf 86' lang='lat' dir='ltr'><strong>controversia</strong></span> <span class='ocrx_word' id='word_1_253' title='bbox 339 3618 689 3706; x_wconf 82' lang='lat' dir='ltr'><strong>Megalopolitanorum</strong></span> <span class='ocrx_word' id='word_1_254' title='bbox 700 3667 708 3693; x_wconf 89' lang='lat'><strong>,</strong></span> <span class='ocrx_word' id='word_1_255' title='bbox 719 3619 776 3704; x_wconf 90' lang='lat' dir='ltr'><strong>qni</strong></span> <span class='ocrx_word' id='word_1_256' title='bbox 788 3639 862 3681; x_wconf 90' lang='lat' dir='ltr'><strong>curn</strong></span> <span class='ocrx_word' id='word_1_257' title='bbox 878 3616 1130 3680; x_wconf 75' lang='lat' dir='ltr'><strong>Lactcdcrnoniis</strong></span> 
     </span>
     <span class='ocr_line' id='line_1_34' title="bbox 49 3717 1126 3809; baseline 0 -29"><span class='ocrx_word' id='word_1_258' title='bbox 49 3717 96 3782; x_wconf 84' lang='lat' dir='ltr'><strong>‹lc</strong></span> <span class='ocrx_word' id='word_1_259' title='bbox 118 3720 187 3807; x_wconf 83' lang='lat' dir='ltr'><strong>agri</strong></span> <span class='ocrx_word' id='word_1_260' title='bbox 206 3736 298 3809; x_wconf 89' lang='lat' dir='ltr'><strong>parte</strong></span> <span class='ocrx_word' id='word_1_261' title='bbox 314 3718 544 3806; x_wconf 87' lang='lat' dir='ltr'><strong>disceptabant.</strong></span> <span class='ocrx_word' id='word_1_262' title='bbox 572 3721 610 3783; x_wconf 91' lang='lat' dir='ltr'><strong>In</strong></span> <span class='ocrx_word' id='word_1_263' title='bbox 637 3742 674 3782; x_wconf 88' lang='lat' dir='ltr'><strong>ca</strong></span> <span class='ocrx_word' id='word_1_264' title='bbox 701 3720 860 3807; x_wconf 84' lang='lat' dir='ltr'><strong>legatione</strong></span> <span class='ocrx_word' id='word_1_265' title='bbox 887 3720 921 3783; x_wconf 88' lang='lat' dir='ltr'><strong>C.</strong></span> <span class='ocrx_word' id='word_1_266' title='bbox 946 3718 1126 3805; x_wconf 83' lang='lat' dir='ltr'><strong>Sulpicium</strong></span> 
     </span>
    </p>
   </div>
   <div class='ocr_carea' id='block_1_3' title="bbox 51 3948 1128 4179">
    <p class='ocr_par' dir='ltr' id='par_1_5' title="bbox 51 3948 1128 4179">
     <span class='ocr_line' id='line_1_35' title="bbox 86 3948 1128 4013; baseline 0.001 -19"><span class='ocrx_word' id='word_1_267' title='bbox 86 3948 104 4013; x_wconf 75' lang='grc'>5</span> <span class='ocrx_word' id='word_1_268' title='bbox 119 3948 215 3996; x_wconf 67' lang='lat' dir='ltr'>XVIII.</span> <span class='ocrx_word' id='word_1_269' title='bbox 230 3949 293 3996; x_wconf 84' lang='lat' dir='ltr'><strong>Fasti</strong></span> <span class='ocrx_word' id='word_1_270' title='bbox 307 3949 411 4013; x_wconf 82' lang='lat' dir='ltr'><strong>Capitol.</strong></span> <span class='ocrx_word' id='word_1_271' title='bbox 425 3950 532 3998; x_wconf 70' lang='lat' dir='ltr'><strong>-vica</strong></span> <span class='ocrx_word' id='word_1_272' title='bbox 548 3950 573 3997; x_wconf 93' lang='lat' dir='ltr'><strong>in</strong></span> <span class='ocrx_word' id='word_1_273' title='bbox 589 3952 608 3999; x_wconf 90' lang='lat' dir='ltr'><strong>I.</strong></span> <span class='ocrx_word' id='word_1_274' title='bbox 624 3978 657 3987; x_wconf 91' lang='lat'><em>—</em></span> <span class='ocrx_word' id='word_1_275' title='bbox 670 3951 742 4000; x_wconf 85' lang='lat' dir='ltr'><strong>Rhct.</strong></span> <span class='ocrx_word' id='word_1_276' title='bbox 758 3952 810 4001; x_wconf 87' lang='lat' dir='ltr'><strong>Cic.</strong></span> <span class='ocrx_word' id='word_1_277' title='bbox 826 3979 859 3988; x_wconf 91' lang='lat'><em>-</em></span> <span class='ocrx_word' id='word_1_278' title='bbox 871 3952 946 4001; x_wconf 87' lang='lat' dir='ltr'><strong>Titul.</strong></span> <span class='ocrx_word' id='word_1_279' title='bbox 958 3950 1128 3999; x_wconf 83' lang='lat' dir='ltr'><strong>Ileautontirn.</strong></span> 
     </span>
     <span class='ocr_line' id='line_1_36' title="bbox 51 4030 1128 4099; baseline 0.002 -21"><span class='ocrx_word' id='word_1_280' title='bbox 51 4030 205 4079; x_wconf 72' lang='lat' dir='ltr'><strong>l&#39;erenriani.</strong></span> <span class='ocrx_word' id='word_1_281' title='bbox 214 4057 248 4066; x_wconf 93' lang='lat'>—</span> <span class='ocrx_word' id='word_1_282' title='bbox 260 4031 386 4091; x_wconf 72' lang='lat' dir='ltr'><strong>Pisavn,</strong></span> <span class='ocrx_word' id='word_1_283' title='bbox 402 4032 442 4079; x_wconf 82' lang='lat'><strong>53.</strong></span> <span class='ocrx_word' id='word_1_284' title='bbox 452 4033 544 4079; x_wconf 85' lang='lat' dir='ltr'><strong>-Val</strong></span> <span class='ocrx_word' id='word_1_285' title='bbox 559 4036 626 4081; x_wconf 66' lang='lat' dir='ltr'><strong>blaa.</strong></span> <span class='ocrx_word' id='word_1_286' title='bbox 639 4037 691 4095; x_wconf 84' lang='lat' dir='ltr'><strong>IX,</strong></span> <span class='ocrx_word' id='word_1_287' title='bbox 704 4051 742 4082; x_wconf 81' lang='lat' dir='ltr'><strong>ra.</strong></span> <span class='ocrx_word' id='word_1_288' title='bbox 755 4064 789 4072; x_wconf 93' lang='lat'>—</span> <span class='ocrx_word' id='word_1_289' title='bbox 799 4035 815 4099; x_wconf 63' lang='grc' dir='ltr'><strong>ἓ</strong></span> <span class='ocrx_word' id='word_1_290' title='bbox 825 4039 898 4084; x_wconf 82' lang='lat' dir='ltr'><strong>xrx.</strong></span> <span class='ocrx_word' id='word_1_291' title='bbox 911 4035 997 4098; x_wconf 72' lang='lat' dir='ltr'><strong>Polyb.</strong></span> <span class='ocrx_word' id='word_1_292' title='bbox 1012 4036 1128 4096; x_wconf 64' lang='lat' dir='ltr'><strong>Excerpe</strong></span> 
     </span>
     <span class='ocr_line' id='line_1_37' title="bbox 51 4114 502 4179; baseline 0.009 -20"><span class='ocrx_word' id='word_1_293' title='bbox 51 4117 138 4177; x_wconf 64' lang='lat' dir='ltr'><strong>legat.</strong></span> <span class='ocrx_word' id='word_1_294' title='bbox 149 4115 248 4160; x_wconf 70' lang='lat' dir='ltr'><strong>rats-</strong></span> <span class='ocrx_word' id='word_1_295' title='bbox 259 4114 333 4162; x_wconf 87' lang='lat' dir='ltr'><strong>Diod.</strong></span> <span class='ocrx_word' id='word_1_296' title='bbox 343 4116 407 4179; x_wconf 81' lang='lat' dir='ltr'><strong>apud</strong></span> <span class='ocrx_word' id='word_1_297' title='bbox 417 4116 502 4163; x_wconf 81' lang='lat' dir='ltr'><strong>llrsin.</strong></span> 
     </span>
    </p>
   </div>
   <div class='ocr_carea' id='block_1_4' title="bbox 0 0 1332 4830">
    <p class='ocr_par' dir='ltr' id='par_1_6' title="bbox 0 0 1332 4830">
     <span class='ocr_line' id='line_1_38' title="bbox 0 0 1332 4830; baseline 0 5"><span class='ocrx_word' id='word_1_298' title='bbox 0 0 1332 4830; x_wconf 95' lang='lat' dir='ltr'><strong> </strong></span> 
     </span>
    </p>
   </div>
  </div>
 </body>
</html>
