2654 4830
218 326 262 396 32
393 318 461 394 JO.
489 325 830 394 FREINSHEMII
864 326 1108 397 SUPPLEM.

215 448 286 510 viro
304 462 339 510 et
353 444 582 534 Cappadocum
600 447 688 533 genti
711 446 818 525 lieret,
834 445 1036 511 callidissima
1053 450 1172 515 mulier
1187 457 1282 519 semel

215 566 313 639 atque
326 549 446 612 iterum
460 545 701 611 foecunditatem
712 548 864 626 mentita,
877 549 1020 636 primum
1034 551 1096 614 sub
1107 554 1281 621 Ariarathis

214 652 349 716 nomine
375 671 533 737 puerum,
564 648 683 713 deinde
710 649 830 731 alium,
862 651 1096 739 Orophernen,
1121 654 1279 722 edtroerit.

215 754 331 819 Postea
346 773 424 815 vero
441 772 561 837 quum,
582 765 619 813 ut
634 749 686 831 lit,
703 767 817 814 natura
834 767 890 813 aut
906 753 1056 818 remediis
1077 755 1195 820 vidum
1213 758 1280 822 vin·

213 853 375 932 centibus,
384 851 453 915 voti
464 873 498 915 se
509 869 696 940 compotem
706 850 824 916 iactam
835 851 969 934 videret,
980 853 1062 919 duas
1073 854 1154 921 filias
1166 879 1282 923 unum·

214 976 279 1042 que
295 975 373 1016 mox
391 951 493 1015 lilium
509 953 618 1033 enisa,
636 975 704 1015 rem
725 968 826 1016 totam
841 953 956 1017 marito
972 958 1132 1042 patefecit.
1153 959 1227 1040 llle,
1243 981 1281 1025 ue

213 1054 373 1121 subdititii
386 1053 480 1116 liberi
492 1076 570 1117 vero
582 1069 615 1117 et
626 1054 763 1117 naturali
782 1051 848 1118 lilio
865 1054 1047 1139 obstarent,
1057 1058 1197 1124 alterum
1210 1060 1280 1148 qui·

214 1157 288 1223 dem
300 1158 437 1219 Romam
451 1154 606 1219 mediocri
618 1155 813 1219 instructum
826 1179 924 1221 censu
935 1205 944 1239 ,
956 1159 1092 1224 alterum
1110 1161 1144 1225 iu
1159 1160 1280 1226 Ioniam

212 1259 381 1349 ablegavit.
393 1256 615 1322 Mithridatem
630 1272 738 1320 autem
753 1257 799 1345 (id
814 1281 934 1323 nomen
953 1277 1030 1325 nato
1046 1284 1087 1326 ex
1101 1285 1136 1327 se
1152 1263 1280 1352 fecerat)

212 1376 340 1425 mutato
355 1359 530 1435 vocabulo,
546 1359 735 1422 Ariarathen
753 1375 785 1422 et
800 1360 907 1447 ipsum
924 1362 1109 1450 appellavit,
1123 1365 1222 1430 unice
1235 1365 1281 1430 di·

211 1462 333 1527 lectum
347 1460 490 1549 parenti,
508 1480 616 1546 neque
628 1460 712 1523 male
726 1461 976 1549 respondentem
992 1464 1027 1526 in
1043 1486 1165 1531 amore.
1184 1467 1280 1531 Deui-

213 1586 278 1653 que
291 1562 549 1653 pulcherrimum
566 1575 727 1624 certamen
743 1562 897 1624 intereos
913 1580 1063 1645 exortum
1080 1582 1141 1648 cst,
1155 1583 1206 1648 ut,
1218 1589 1280 1655 quo

212 1682 360 1753 ternpore
372 1663 446 1727 alibi
463 1662 610 1725 locorum
625 1685 722 1751 regna
739 1661 918 1750 parricidiis
933 1679 991 1726 aut
1006 1668 1131 1754 appeti,
1146 1683 1206 1732 aut
1218 1690 1279 1732 ser

212 1767 278 1831 vari
294 1767 329 1828 in
347 1786 472 1828 morem
489 1779 638 1843 venemt,
653 1764 686 1825 iu
703 1763 904 1852 Cappadocia
922 1781 1013 1854 pater
1029 1768 1216 1833 Ariarathes
1230 1790 1277 1834 ω-

212 1870 289 1933 dere
300 1866 366 1930 filio
375 1866 598 1946 contenderet,
608 1864 692 1930 lilius
702 1866 861 1953 quidlibet
870 1890 1040 1956 passurum
1052 1871 1277 1960 potius,quatu

214 1990 252 2035 ut
261 1987 386 2059 patrem
396 1971 557 2058 privatum
575 1968 716 2049 rideret,
728 1970 983 2056 pertinacissime
994 1985 1178 2036 testaretur.
1189 1972 1276 2037 Unde

212 2096 280 2139 nou
297 2072 460 2136 immerito
473 2069 691 2157 Philopatoris
703 2072 730 2134 ei
744 2094 926 2161 cognomen
944 2072 1085 2136 inditum
1099 2089 1178 2138 esta
1194 2073 1275 2139 Gre-

211 2175 275 2255 cis,
288 2175 346 2262 qui
361 2191 432 2237 tum
448 2171 591 2258 primum
610 2170 698 2258 (nam
715 2188 749 2235 et
766 2174 950 2239 studiorum
972 2197 1083 2238 amore
1103 2175 1273 2266 peritiaque

211 2277 398 2342 adolescens
418 2275 478 2336 iste
495 2273 674 2337 celebratus
697 2274 764 2359 est)
784 2275 818 2336 in
838 2275 1041 2363 Cappadocia
1062 2276 1229 2341 literarum
1249 2290 1273 2341 et

210 2377 357 2444 cultioris
374 2373 537 2463 sapientiae
555 2373 665 2437 sedem
688 2391 881 2462 posuerunt.

255 2479 327 2543 XV.
347 2478 409 2540 Hic
425 2475 524 2565 igitur
539 2475 737 2563 Philopator,
755 2493 828 2563 post
844 2477 971 2541 obitum
994 2477 1080 2541 senis
1101 2477 1272 2545 hereditate

211 2582 312 2663 adita,
323 2579 405 2643 nihil
417 2577 582 2663 antiquius
592 2576 721 2657 habuit,
734 2600 833 2664 quam
845 2594 882 2641 ut
897 2593 1021 2666 patrem
1039 2581 1131 2643 omni
1146 2581 1272 2647 honoris

209 2700 244 2748 et
257 2678 504 2770 magnificentiae
514 2698 631 2765 genere
645 2679 902 2742 contumularet:
916 2678 1035 2742 deinde
1049 2681 1188 2765 amicos,
1202 2705 1273 2772 pru·

211 2787 396 2870 lectosque,
407 2797 440 2844 et
446 2778 605 2868 populum
615 2778 821 2858 universum,
832 2777 928 2866 digna
941 2802 1106 2868 quemque
1115 2804 1195 2847 cura
1204 2805 1273 2873 pro·

210 2900 358 2966 secutus,
375 2882 547 2945 maximam
561 2879 649 2968 apud
666 2902 780 2943 omnes
797 2879 1055 2945 benevolentiam
1072 2883 1134 2946 sibi
1147 2907 1273 2975 compa·

210 2988 302 3052 ravit.
315 2984 410 3048 Unde
423 3004 577 3071 prospera
590 2983 618 3045 ei
630 2982 721 3071 regni
733 2983 824 3045 initia
835 2984 984 3065 fuerunt3
1001 3007 1207 3077 magnusque
1216 2988 1274 3068 jam

209 3088 309 3177 vulgo
328 3103 360 3150 et
381 3086 502 3164 clarus,
526 3083 570 3146 ob
591 3106 734 3147 amorem
762 3106 915 3166 suorum,
933 3100 965 3148 et
984 3084 1114 3164 justitia
1140 3086 1274 3178 fideique

211 3189 363 3278 gloriam,
376 3184 557 3248 habebatur
572 3207 579 3246 :
597 3184 689 3262 cujus
707 3185 873 3272 egregium
893 3185 1055 3273 specimen
1074 3186 1108 3249 in
1127 3209 1207 3253 casu
1219 3188 1277 3255 Mi-

210 3285 422 3353 throbuaanis
444 3282 594 3348 Zariadre
613 3284 713 3372 geniti
736 3283 978 3350 demonstravit.
1002 3286 1033 3351 ls
1053 3286 1094 3351 de
1111 3289 1276 3379 Sophene

210 3412 311 3480 regno
326 3411 402 3453 cum
419 3387 517 3451 fratre
533 3385 674 3468 certans,
688 3386 728 3449 ab
745 3386 818 3468 illo,
830 3388 887 3474 qui
901 3387 1025 3451 viribus
1042 3391 1179 3454 Artaxias
1197 3414 1278 3480 pro-

209 3491 468 3572 valuerat,fusus
482 3506 539 3553 est.
558 3488 656 3551 Pulso
672 3488 760 3576 apud
773 3488 980 3576 Cappadoces
996 3490 1183 3579 perfugium
1200 3448 1318 3645 fuimis

210 3613 243 3661 et
256 3617 334 3659 mox
352 3592 507 3657 auxilium
524 3590 564 3654 ab
581 3589 769 3673 Ariarathe3
788 3591 845 3677 qui
861 3591 1037 3681 supplicem
1055 3615 1152 3656 suum
1171 3593 1281 3659 valido

210 3721 287 3766 cum
299 3695 441 3761 exercitu
461 3694 495 3755 iu
515 3714 653 3781 reguum
666 3708 839 3780 paternum
857 3691 1041 3755 reducebat.
1056 3690 1119 3756 Sed
1136 3694 1281 3758 Artaxias

211 3801 310 3866 moris
326 3798 376 3861 sui
391 3812 503 3876 tenax,
521 3817 624 3882 quum
637 3794 816 3874 Armeniae,
827 3816 941 3880 parum
959 3792 1162 3857 laudabiliter
1180 3818 1282 3860 occu·

245 4004 261 4069 S
274 4004 345 4051 ΧΠ.
358 4000 447 4064 Polyb.
459 4001 575 4064 Excerpt.
584 4000 641 4063 Lag.
651 3998 711 4047 aab.
721 4026 755 4036 —
763 3998 868 4047 Diodor.
880 3998 983 4059 xxxl,
993 3999 1016 4045 3.
1028 4024 1064 4035 -
1077 3997 1130 4046 Liv.
1141 3999 1229 4060 xm,
1241 4014 1285 4064 ις.

209 4117 244 4126 -
257 4086 361 4135 Diodor.
371 4083 438 4148 apud
446 4082 526 4130 Valeo.
