2654 4830
212 316 234 382 8
387 314 456 381 JO.
484 313 824 382 FREINSHEMII
854 312 1100 380 SUPPLEM.

211 434 360 497 «romani
378 433 584 521 recipiamur.
600 434 686 497 Olim
702 432 861 497 invidiosa
878 447 914 495 et
925 448 1072 519 suspecta
1088 433 1197 498 multis
1215 457 1281 532 po·

211 565 225 591 «ι
235 536 299 600 tuit
315 536 384 599 haec
400 557 469 599 esse
485 535 676 649 postrdatio,
693 557 735 597 ne
756 532 798 598 ad
812 555 884 621 spes
901 533 1015 596 nimias
1035 535 1282 621 praescriptione

211 652 345 700 «vestrae
355 636 517 700 societatis
531 636 622 700 abuti
638 636 871 726 cogitaremus.
882 656 973 698 nunc
984 633 1122 715 adeam,
1132 635 1233 700 velut
1237 636 1281 701 ad

211 739 358 853 «asylum
379 725 603 825 confugimus,
624 758 685 801 nec
700 751 739 800 ut
753 737 823 800 aliis
841 735 950 800 timori
966 736 1087 818 simus,
1107 734 1165 800 sed
1179 754 1220 802 ut
1235 738 1281 801 ti·

210 870 224 895 ι
234 862 323 903 mere
338 840 400 927 ipss
391 836 633 903 desinamus.

253 940 346 1004 XIII.
360 938 445 1002 Huic
455 939 594 1002 orationi
606 987 616 1021 ,
627 960 730 1026 quum
744 938 857 1002 similis
867 939 1051 1028 argumenti
1060 940 1119 1003 alia
1128 938 1280 1026 (ιιιιοόιιιι

208 1039 392 1120 adjecisset,
410 1040 550 1129 imagine
565 1039 774 1121 humilitatis,
788 1040 822 1103 in
839 1062 937 1128 quam
954 1062 993 1103 ex
1010 1055 1102 1104 tanto
1118 1041 1203 1105 iaetu
1218 1062 1281 1104 su·

208 1142 279 1206 bito
296 1139 458 1205 deciderat
473 1141 649 1206 clarissima
665 1140 793 1221 civitas,
813 1141 916 1205 movit
931 1141 1057 1206 animos
1074 1142 1224 1223 Patr-um,
1239 1158 1280 1206 ut

208 1242 394 1307 societatem
406 1264 481 1305 cum
494 1240 743 1330 deprecantibus
752 1241 954 1330 jungendam
965 1265 1033 1308 esse
1043 1242 1280 1308 decernerentz

208 1365 316 1429 neque
344 1341 497 1424 deerant,
521 1343 577 1428 qui
602 1341 837 1425 reniterentur,
862 1345 1045 1409 simulatam
1069 1328 1278 1409 Rhodiorum

165 1443 168 1455 '
206 1444 431 1533 poenitentiam
453 1459 624 1530 arguentes
643 1465 651 1506 :
671 1443 730 1507 sed
746 1444 833 1532 apud
848 1445 958 1533 plures
983 1445 1201 1511 misericordia
1219 1467 1280 1510 va·

206 1547 285 1627 luit,
300 1545 410 1626 adjuta
422 1545 473 1608 Ti.
487 1544 624 1608 Gracchi
640 1544 843 1626 testimonio,
855 1547 912 1634 qui
927 1545 1195 1611 senatruconsultr's
1208 1569 1281 1610 om·

206 1649 296 1712 nabau
313 1649 559 1735 obtemperatum
584 1671 608 1710 a
628 1646 758 1710 Rhodiis
767 1645 873 1736 fuisse
892 1648 1070 1729 rescrebat,
1086 1648 1280 1711 condemno·

206 1764 312 1838 totquc
335 1747 464 1838 publico
480 1747 607 1835 judicto
630 1749 803 1829 uniuersos,
830 1751 887 1837 qui
899 1746 1054 1838 populun
1079 1749 1281 1813 allecturus

207 1851 442 1929 allectaverunt,
457 1872 530 1913 nam
546 1849 644 1930 hujus
655 1849 792 1914 Gracchi
806 1852 843 1914 A.
857 1851 981 1914 Manlio
990 1851 1027 1914 A.
1036 1852 1073 1915 F.
1083 1852 1122 1913 Τ.
1136 1850 1177 1914 Ν.
1189 1850 1280 1915 Τοι-

208 1970 323 2041 quato,
340 1954 382 2034 Q.
398 1952 509 2015 Cassio
523 1951 559 2014 L.
578 1953 614 2015 F.
631 1952 671 2033 Q.
681 1952 721 2014 N.
737 1953 885 2041 Longino
904 1974 985 2018 coss.
1006 1951 1140 2016 celebris
1154 1950 1282 2040 legatio

207 2077 266 2143 per
285 2055 391 2118 Asiam
412 2055 491 2130 fuit,
516 2075 613 2140 quarn
632 2053 748 2117 missus
771 2053 812 2117 ab
836 2070 950 2118 senatu
971 2052 1013 2117 ad
1036 2075 1088 2116 res
1108 2053 1279 2117 sociorum

207 2153 427 2242 inspiciundas
443 2153 597 2217 obiverat.
619 2153 723 2217 Causa
741 2154 891 2219 mittendi
909 2154 1047 2218 maxime
1062 2154 1145 2233 fuit,
1161 2170 1200 2219 ut
1215 2177 1280 2221 co-

206 2280 275 2321 ram
292 2270 517 2346 cognosceret,
530 2252 611 2341 quid
626 2255 808 2328 Antiochus
824 2271 857 2319 et
868 2255 1031 2318 Eumenes
1047 2254 1147 2317 animi
1163 2257 1279 2320 consi·

207 2356 305 2445 liique
330 2358 469 2420 invicem
491 2371 547 2420 aut
569 2354 720 2418 adversus
738 2356 898 2443 populum
915 2378 1087 2419 romanum
1104 2348 1278 2424 haberent.

208 2458 545 2524 Honorificentissime
560 2458 758 2544 abutroque
768 2479 843 2545 rege
858 2474 1029 2544 exceptum
1043 2457 1165 2537 ferrrnt,
1179 2459 1278 2522 nullo

204 2561 457 2649 conspirationis
478 2563 634 2627 intereos
651 2574 739 2622 certo
761 2557 900 2640 indicio,
913 2559 1107 2623 benevolum
1125 2559 1203 2648 ipsis
1223 2559 1279 2626 ia·

202 2679 398 2751 ventemque
415 2666 604 2737 revertisse.

249 2766 334 2830 XIV.
346 2766 543 2830 Acerrimi
514 2790 576 2830 vrrs
565 2749 789 2856 diligentiam
806 2767 968 2832 Eumenes
981 2766 1154 2883 prudentia
1167 2766 1278 2832 eluse·

203 2880 270 2947 rat,
284 2889 348 2953 qua
362 2869 492 2932 nemine
508 2886 579 2933 tum
596 2885 711 2959 regum
728 2868 863 2931 inferior
878 2869 1001 2950 fuit3'
972 2868 1089 2933 vicinia
1103 2869 1274 2956 potentio·

202 2987 278 3028 rum
293 2966 334 3031 ad
350 2969 483 3033 consilia
497 2993 556 3034 sua
570 2969 704 3034 sollicite
721 2968 858 3058 tegenda
874 2986 939 3033 tam
957 2971 1053 3057 longa
1069 2985 1161 3034 aetate
1178 2992 1276 3034 exer-

203 3067 297 3131 citus.
314 3070 478 3135 Antiocho
495 3072 567 3135 loco
581 3071 744 3159 sapientiae
761 3070 923 3134 temeritas
940 3070 1019 3151 fuit,
1034 3093 1098 3156 qua
1115 3067 1277 3136 omnibus

202 3169 237 3232 in
258 3172 395 3258 negotiis
418 3194 515 3253 usus,
535 3172 588 3235 vix
605 3172 709 3235 ullum
726 3172 827 3235 animi
849 3171 900 3235 sui
923 3186 1047 3234 certum
1071 3170 1276 3259 firmumque

202 3273 373 3361 vestigium
384 3274 511 3338 sinebat
519 3272 740 3338 animadverti.
754 3275 868 3355 Quum
878 3273 966 3336 enim
980 3273 1033 3336 alii
1044 3296 1136 3363 reges
1150 3290 1275 3361 poten-

203 3374 280 3436 tiam
290 3373 480 3462 divitiasque
488 3399 561 3440 suas
570 3376 640 3464 pari
650 3374 865 3440 sollicitudine
874 3393 1030 3465 augerent
1039 3392 1273 3465 tegerentque,

202 3475 294 3563 gnari
306 3498 495 3565 magnarum
507 3499 607 3566 opum
617 3479 735 3540 famam
746 3476 985 3564 suspicionibus
995 3476 1171 3541 obnoxiam
1183 3499 1274 3559 esse;

202 3575 273 3659 hic,
285 3578 376 3666 quasi
391 3577 466 3642 data
481 3602 599 3667 opera,
613 3579 766 3668 produxit
781 3578 949 3643 thesauros
966 3600 1062 3660 suos,
1078 3592 1111 3641 et
1123 3592 1275 3644 ostenta·

201 3678 257 3743 vit.
280 3677 616 3768 Magnificentissimos
641 3683 728 3744 enim
746 3678 843 3744 ludos
860 3680 1034 3760 instruxit,
1051 3703 1090 3744 ex
1116 3678 1276 3745 universo

201 3776 440 3844 [creterrarum
451 3781 530 3846 orbe
540 3803 600 3870 per
614 3781 784 3845 ambitiosa
794 3781 925 3870 praemia
939 3784 1058 3848 coactis
1072 3779 1272 3847 artificibus:

203 3902 270 3967 quo
287 3895 435 3970 tempore
448 3881 609 3971 quidquid
625 3885 717 3972 regiae
734 3883 956 3972 supellectilis,
977 3898 1164 3972 ceteraeque
1185 3906 1274 3971 opu-

238 4062 253 4138 S
266 4074 337 4122 11111.
350 4074 404 4124 Lir.
418 4075 484 4140 Epit.
496 4077 586 4124 llLVI.
598 4102 629 4112 -
645 4076 697 4125 Pol.
711 4077 827 4142 Excerpt.
841 4077 922 4140 Legat.
936 4084 983 4133 roh
997 4087 1022 4126 et
1034 4076 1091 4125 105.
