2654 4830
289 317 343 386 IN
372 318 490 386 LOC.
514 317 605 386 LIB.
632 319 776 388 XLVII
805 320 1021 392 LIVIANI.
1143 330 1191 424 49

124 439 166 505 ad
176 439 300 505 Ocilerr
309 437 492 503 transduxit
502 439 695 523 exercitum,
714 461 896 528 magnaque
910 458 943 506 et
953 443 998 507 ibi
1009 460 1115 535 strage
1126 451 1193 512 Lu-

124 539 426 620 sitanorumeditu,
440 538 643 603 obsidionem
657 540 761 605 solvit.
778 541 949 607 Postremo
964 566 1080 631 agmen
1098 547 1195 612 adon-

123 656 195 722 tus,
209 639 305 729 quod
317 639 459 728 praedam
475 662 515 702 ex
529 641 613 730 agris
628 656 751 728 raptam
767 643 942 725 archebat,
953 646 1123 713 occidione
1137 673 1194 714 oo-

124 742 221 823 cidit,
243 758 282 806 ut
300 764 342 806 ne
360 742 497 805 nuntius
515 740 648 829 quidem
671 742 768 806 cladis
787 761 979 831 superesset.
1000 747 1049 811 Ει
1070 750 1194 836 prada,

123 860 286 934 quantum
298 843 376 908 ferri
389 859 529 932 poterat,
541 843 698 908 militibus
709 843 842 909 datum:
859 863 971 911 caetera
986 850 1096 913 omnia
1111 875 1193 938 prae·

124 943 252 1009 sidibus
267 944 430 1009 bellorum
445 942 507 1009 diis
524 943 654 1008 incendi
669 960 789 1031 praetor
806 947 962 1034 exutique
975 948 1094 1027 jussit.-

159 1045 256 1115 XLI.
275 1045 412 1109 Interim
435 1044 470 1107 in
491 1045 566 1108 Asia
591 1068 647 1108 rex
669 1046 810 1126 Attalus,
829 1069 947 1135 magno
968 1072 1027 1136 per
1052 1052 1193 1118 hiemem

123 1147 271 1212 exercitu
288 1163 419 1227 coacto,
438 1145 481 1210 ad
498 1147 619 1210 bellum
636 1147 756 1211 Prusiae
771 1147 977 1212 inferendum
994 1154 1193 1240 separabat,

123 1247 256 1328 adjutus
268 1248 368 1315 etiam
383 1248 589 1313 auxiliaribus
604 1247 812 1336 Cappadociae
829 1248 990 1336 Pontique
1004 1274 1117 1341 regum
1133 1278 1192 1320 00.

123 1350 295 1439 piis,quas
304 1349 488 1414 Demetrius
495 1348 672 1413 Ariarathis
680 1349 715 1413 F.
727 1348 912 1413 adduxerat.
922 1351 1015 1415 Cadis
1026 1369 1096 1417 turn
1109 1375 1193 1438 erat,

123 1449 167 1513 ita
176 1450 244 1513 sito
256 1448 395 1537 oppido,
405 1465 443 1512 ut
456 1450 540 1513 inter
557 1449 699 1538 Phrygas
710 1450 885 1538 Mysusque
899 1452 1042 1542 ambigui
1056 1459 1117 1520 soli
1133 1460 1193 1522 ba·

123 1550 258 1632 beatur,
274 1572 379 1639 quum
397 1549 526 1632 decem,
543 1574 625 1638 quos
642 1567 772 1615 senatus
789 1552 932 1635 miserat,
949 1554 1043 1643 legati
1059 1556 1100 1621 ad
1117 1582 1192 1623 eum

121 1675 262 1717 venere:
273 1653 297 1715 ii
308 1650 444 1734 deinde,
456 1651 620 1738 colloqpio
631 1674 707 1715 cum
718 1673 792 1740 rege
802 1650 843 1715 de
853 1655 1083 1721 communibus
1095 1659 1192 1724 rebus

123 1755 259 1835 habito,
276 1770 364 1819 recta
383 1768 595 1842 perrexerunt
614 1751 654 1816 ad
669 1752 825 1817 Prusiam.
849 1753 991 1836 Pmsias,
1008 1756 1126 1844 auditis
1141 1782 1193 1824 se·

125 1873 222 1921 nattis
242 1855 420 1936 mandatis,
440 1853 769 1942 cavillando-tempus
789 1855 915 1920 trabere
937 1857 1027 1921 nisus
1043 1876 1111 1944 est,
1134 1861 1194 1926 alia

127 1957 262 2046 quidem
276 1980 312 2021 se
324 1958 486 2020 facturum
500 1978 662 2036 asserens,
674 1955 734 2020 alia
745 1957 889 2021 minime.
901 1958 996 2023 Unde
1008 1961 1124 2054 offensi
1141 1962 1194 2027 de·

128 2082 196 2123 oem
207 2059 325 2148 legati,
338 2059 520 2122 renuntiata
531 2058 575 2119 illi
592 2057 758 2137 societate,
769 2060 928 2123 continuo
942 2060 983 2124 ad
997 2063 1142 2128 Attalum
1156 2087 1191 2129 sc

129 2176 322 2249 recepemnt
333 2183 341 2224 ε
354 2182 436 2247 quos
445 2159 675 2246 aliquantisper
684 2174 902 2244 prosequutus
912 2159 1058 2241 Prusias,
1067 2164 1193 2228 multis·

131 2284 190 2350 qne
197 2260 364 2326 blanditiis
373 2261 498 2347 placare
507 2275 653 2339 conatus,
663 2275 835 2347 postquam
846 2261 964 2324 frustra
972 2285 1007 2326 se
1016 2284 1085 2327 esse
1094 2264 1192 2345 videt,

133 2362 344 2442 malasiam,
366 2377 398 2424 et
421 2359 677 2449 magnitudinem
701 2360 836 2446 periculi
859 2363 942 2425 serio
966 2379 1135 2451 reputans,
1158 2366 1192 2430 in

135 2483 266 2552 regnum
276 2461 381 2525 rediit.
395 2460 505 2553 Legati
514 2507 523 2540 ,
532 2460 658 2523 monito
668 2460 776 2524 Attalo
786 2477 855 2541 ,ut,
867 2485 923 2525 sua
934 2463 1108 2530 defendere
1116 2489 1195 2531 con·

136 2576 257 2644 tentus,
279 2563 365 2626 bello
384 2578 500 2649 sponte
519 2559 690 2624 inferendo
708 2560 900 2643 abstineret,
916 2564 1001 2628 inter
1019 2589 1053 2629 se
1071 2569 1193 2630 consti-

136 2676 278 2744 tuerunt,
289 2680 327 2726 ut
340 2685 413 2749 pars
428 2660 467 2724 ad
482 2661 673 2724 haecomnia
688 2662 902 2726 renuntianda
916 2667 1041 2729 senatui
1056 2669 1192 2732 Romam

137 2781 360 2847 reverteretur3
371 2764 493 2844 caeteri,
504 2786 561 2851 per
570 2764 696 2826 Ioniam
707 2763 1017 2851 Hellespontumque
1030 2783 1062 2831 et
1070 2769 1193 2833 vicinos

99 2896 101 2903 ·
138 2866 281 2954 Byzantio
298 2867 437 2953 populos
448 2863 682 2944 discurrentes,
695 2864 916 2929 abstraherent
931 2889 950 2928 a
963 2867 1075 2932 Prusia
1088 2870 1193 2934 honri·
1247 2851 1251 2860 .

98 3034 101 3045 ¹
140 2987 207 3033 num
223 2967 372 3044 animos,
388 2966 560 3050 Attaloque
577 2964 795 3028 conciliarent.

171 3071 273 3134 XLII.
288 3069 418 3133 Itanon
439 3065 543 3130 multo
557 3081 631 3152 post
646 3080 791 3151 tempore
805 3066 901 3128 frater
917 3069 1000 3154 regis
1020 3068 1194 3135 Athenaeus

98 3220 101 3237 .
141 3191 205 3234 orm
220 3171 321 3234 classe
340 3170 471 3232 navium
488 3182 646 3231 tectarum
662 3166 827 3253 octoginta
851 3167 998 3254 navigare
1017 3169 1051 3230 in
1069 3170 1193 3236 Helles·

98 3254 100 3335 s
142 3288 268 3356 pontum
281 3271 400 3359 potuit.
415 3271 463 3332 Ex
476 3269 526 3331 his
541 3268 687 3354 quinque
702 3268 848 3331 triremes
863 3267 1066 3333 Rhodiorum
1080 3291 1192 3352 erant,

98 3400 101 3421 ι
145 3372 366 3459 Cyzicenorum
377 3370 505 3460 viginti3
518 3369 637 3455 quibus
649 3391 780 3431 suarum
793 3384 916 3455 septem
932 3385 965 3433 et
975 3371 1089 3458 viginti
1103 3377 1194 3438 Atta·

98 3516 100 3539 ;
146 3469 187 3536 lus
200 3475 378 3539 addiderat:
390 3472 520 3558 reliquae
533 3471 573 3533 ab
587 3470 655 3533 aliis
668 3470 763 3532 sociis
779 3469 945 3533 submissae
959 3472 1097 3535 fuerant.
1110 3476 1193 3538 Cum

148 3569 376 3655 bisbthenaeus,
386 3591 424 3637 ut
435 3594 599 3660 quamque
611 3570 742 3633 urbium
759 3570 879 3632 Prusiae
889 3573 1192 3658 praetervehobatur,

150 3679 337 3743 exscensione
354 3676 452 3755 facta,
474 3695 621 3761 magnam
638 3672 761 3757 ubique
775 3672 954 3735 vastitatem
972 3688 1195 3762 terroremque

151 3770 273 3845 faciebat.
290 3777 386 3843 Unde
402 3797 544 3841 summas
561 3775 595 3837 in
611 3773 774 3862 angustias
792 3771 940 3837 redactus
963 3775 1107 3857 Prusias,
1124 3801 1194 3866 gra·

176 3988 245 4053 511.
256 3996 308 4045 cte.
318 3993 391 4043 offic.
401 3997 424 4052 1,
437 4009 477 4043 ra.
489 4018 525 4029 -·
536 3990 644 4055 Appian.
658 4015 694 4026 -
707 3989 782 4039 Diod.
800 3991 903 4050 XXXI,
919 3991 943 4038 5.
954 4017 988 4028 -
999 3991 1015 4056 §
1027 3993 1092 4041 XLI.
1103 3995 1190 4057 Polyb.

150 4068 242 4143 [napa
256 4082 339 4142 ngas
352 4078 411 4128 1³5.
424 4103 459 4115 -
470 4075 550 4126 strab.
564 4074 607 4123 m.
620 4074 678 4122 x11.

144 4177 310 4245 ·1Χ.
1015 4174 1035 4255 l
