2654 4830
83 330 129 417 Al,
254 331 326 399 JO.
355 330 694 399 FREINSHEMII
724 330 968 399 SUPPLEM.

83 451 220 533 nostris,
245 451 366 515 bellurn
395 474 469 515 curn
495 451 619 531 Attalo,
644 453 757 538 populi
780 453 907 514 romani
937 452 1028 515 socio
1053 468 1143 541 atque

82 554 205 636 amice,
223 575 333 641 gerere
345 568 516 633 vetaretur,
530 575 642 642 parere
656 567 818 640 gravatus,
827 551 869 614 ad
882 551 1144 640 disceptationem

82 654 374 719 ‹arntrorersiarum
382 654 573 718 vocantibus
581 654 842 739 obsequuturum
850 654 1146 719 simularitssonsti·

85 771 193 821 tntum
206 770 290 835 erat,
302 770 340 818 ut
350 753 390 818 ad
403 753 483 819 fines
495 772 671 844 regnorum
686 777 760 818 cum
771 755 908 818 millenis
921 755 1090 842 equitibus
1103 758 1145 820 in-

82 858 184 922 vicem
199 872 416 920 occurrerent.
430 856 467 920 ld
482 857 610 920 Prusias
621 872 844 944 opportunum
856 855 1002 944 perfidiae
1020 872 1144 947 tempus

84 982 152 1024 rato
162 956 325 1039 jutlieans,
337 958 459 1046 legatos
476 957 639 1046 praemittit
651 956 692 1022 ad
704 958 866 1039 Attalum,
881 958 955 1044 qui,
968 959 1144 1024 affuturum

83 1061 181 1155 paulo
199 1076 270 1151 post
289 1082 363 1124 rum
382 1082 519 1124 numero
535 1057 685 1139 definito,
702 1059 865 1122 nuntient.
881 1061 952 1145 lpse
969 1060 1097 1124 interea
1111 1058 1145 1123 ad

82 1161 334 1255 itpprintrntltun
353 1162 520 1225 inimicum
535 1161 698 1224 universas
713 1161 820 1248 copias
837 1161 999 1225 concitat:
1018 1183 1144 1249 parum·

81 1290 147 1359 qur
168 1264 269 1332 nitlttit
286 1315 294 1347 ,
314 1265 394 1355 quin
417 1263 544 1329 amieria
569 1263 702 1351 praemio
728 1262 903 1349 potiretur,
920 1263 982 1325 nisi
1007 1263 1144 1342 Attalus,

82 1370 244 1461 legatique
266 1366 409 1439 martiani.
428 1365 484 1454 qui
507 1384 582 1428 cum
603 1365 659 1427 illo
684 1377 792 1442 erant,
814 1361 855 1425 de
873 1361 950 1425 dolo
971 1360 1143 1443 admoniti,

82 1473 249 1541 ,ueterrima
273 1472 348 1560 lupa
366 1481 578 1557 praeputatum
597 1464 769 1530 discrimen
793 1462 975 1527 evasissent.
1001 1464 1143 1543 Prusias,

83 1576 218 1669 diruptis
230 1576 325 1639 etiam
343 1572 519 1659 legatorum
532 1565 786 1656 impedimentis,
801 1565 1011 1652 Pergamum,
1022 1588 1093 1653 quo
1108 1565 1144 1628 illi

82 1704 158 1749 rttttt
178 1676 279 1745 truta
291 1673 516 1759 «attingerant,
524 1668 655 1734 adducit
666 1667 851 1731 exercitum.
863 1667 940 1730 Erat
948 1681 1025 1730 ante
1036 1667 1144 1731 urbem

87 1776 260 1869 ‚iitrttittpii
284 1773 410 1839 celebre
432 1773 562 1849 funum,
581 1770 638 1833 ubi
657 1792 691 1831 re
710 1767 817 1831 divina
836 1768 1059 1854 facta,quu1n
1080 1767 1143 1831 lita·

81 1888 196 1955 timot,
221 1876 347 1941 itonore
375 1871 416 1937 ad
439 1871 699 1959 superstitionem
728 1892 833 1956 usque
862 1870 997 1956 profuso
1025 1890 1143 1934 numen

82 1996 270 2060 periuratus,
281 1979 314 2041 in
336 1991 438 2039 castra
451 1971 555 2034 rediit.
570 1968 729 2032 Postridie
750 1992 827 2032 vero
843 1969 983 2034 admotis
997 1968 1041 2039 ad
1055 1970 1144 2034 Nice·

82 2084 236 2181 ,illiniunt
249 2079 368 2168 mtpiis,
379 2096 475 2163 quem
488 2073 598 2134 lucurn
609 2093 664 2132 rex
677 2071 838 2133 Eumenes
850 2071 932 2135 fanis
941 2086 974 2134 et
984 2072 1079 2134 omni
1091 2070 1144 2136 do·

83 2184 251 2255 istrionum
264 2199 381 2270 genere
393 2186 635 2263 perornarerat,
646 2185 762 2233 cuncta
774 2169 857 2233 forda
870 2174 964 2236 ruina
972 2188 1144 2262 pertnent,

82 2284 217 2353 tirinlna
241 2276 401 2355 intendit,
424 2288 543 2335 statuas
564 2269 695 2334 sedibus
715 2271 782 2333 suis
808 2273 928 2356 avellit,
945 2296 988 2338 ne
1010 2274 1144 2341 deorum

79 2386 214 2480 spritium
227 2376 404 2447 simulacris
421 2395 575 2461 parcens:
593 2372 676 2433 inter
687 2394 759 2458 quae
776 2373 907 2436 sustulit
923 2390 955 2437 et
973 2373 1146 2464 Esculapii

81 2492 227 2580 sigranni,
242 2474 456 2567 Pltyromachi
475 2472 592 2536 nobilis
606 2471 735 2534 artificis
749 2494 850 2558 opus,
865 2472 899 2536 id
916 2474 1044 2561 ipsum,
1060 2474 1146 2564 quod

82 2588 185 2683 pridie
196 2599 368 2648 tantarum
380 2576 535 2662 religione
546 2572 750 2636 adoraverat:
763 2574 788 2637 is
801 2574 936 2638 turbatae
946 2578 1148 2642 mentiemur

84 2696 187 2758 inerat
197 2733 206 2765 ,
217 2702 314 2771 quana
329 2677 417 2740 nulla
432 2676 499 2738 veri
511 2676 656 2762 justique
672 2676 804 2739 scientia
822 2677 993 2741 stabilitam
1007 2679 1147 2769 abripie-

82 2793 161 2857 lnut
175 2784 326 2858 allectus3
340 2775 439 2839 modo
453 2775 494 2838 ad
511 2776 674 2840 muliebris
692 2779 928 2864 superstitionis
940 2780 1078 2867 ineptias
1099 2804 1149 2846 oo·

80 2906 177 2982 pente
193 2899 298 2960 metu,
313 2875 411 2941 modo
428 2878 473 2940 ira
488 2879 672 2941 stimulante
688 2878 728 2942 ad
742 2880 891 2944 violanda
907 2904 965 2969 per
980 2898 1149 2947 contume-

83 2994 176 3067 iiurn,
194 3007 265 3074 quae
280 2980 377 3069 paulo
395 2995 469 3042 ante
487 3002 583 3066 supra
600 2980 734 3044 modum
754 2981 977 3070 decorumque
993 2987 1146 3050 coluerat.

126 3085 278 3154 XXXIV.
296 3079 411 3166 Neque
423 3081 537 3144 rnelior
551 3081 611 3167 ipsi
627 3081 745 3146 deinde
761 3106 870 3147 rerum
884 3101 1038 3169 eventus,
1051 3109 1148 3174 quam

80 3216 140 3287 pro
159 3203 245 3254 tanta
260 3182 422 3271 protervia
434 3181 506 3243 l'uit.
522 3181 621 3245 Nullo
634 3183 720 3270 apud
737 3184 930 3274 Pergamum
949 3187 1034 3250 virili
1052 3210 1149 3276 opere

80 3294 186 3369 edito,
206 3287 343 3361 Elaeam,
361 3279 451 3367 quod
471 3281 567 3343 Attali
587 3283 669 3369 regis
686 3288 869 3372 emporium
887 3304 919 3352 et
936 3289 1049 3353 navale
1063 3306 1147 3370 erat,

80 3420 97 3461 t
109 3394 266 3478 Pergamo
277 3384 335 3447 tria
345 3381 467 3445 distans
479 3403 632 3468 passuum
646 3384 761 3464 millia,
774 3387 910 3452 obsedit.
926 3391 999 3471 Qua
1013 3391 1149 3480 nequid·

80 3514 177 3587 «luam
195 3501 316 3552 tentata
337 3484 425 3569 (narn
440 3483 614 3564 Sosander‚
630 3485 844 3551 collactaneus
858 3490 963 3578 regis,
977 3512 1054 3554 curn
1071 3515 1149 3580 prae·

79 3597 162 3667 sidio
176 3594 339 3678 ingressus
351 3584 508 3672 oppidum
520 3586 653 3672 fuerat),
664 3589 806 3651 exercitu
818 3606 932 3654 caetero
943 3594 1086 3656 terrestri
1100 3595 1149 3658 iti·

80 3720 157 3767 nere
168 3693 304 3758 domum
318 3687 432 3750 reverti
444 3687 552 3766 jusso,
564 3688 632 3775 ipse
645 3689 779 3753 navibus
791 3691 960 3755 contendit
974 3693 1146 3780 Thyatira:

81 3824 122 3869 ne
139 3799 172 3861 in
191 3790 297 3857 reditu
320 3788 453 3877 quidem
473 3787 513 3852 ad
531 3789 678 3854 violanda
697 3790 835 3856 deorum
857 3793 976 3880 templa
999 3796 1147 3884 segnior3

113 4008 273 4081 §xxxin
293 4006 400 4071 Appiam,
420 4005 582 4055 Mithridatio.
604 4033 639 4041 -
663 4005 751 4070 Polyb.
771 4034 805 4043 -
824 4007 929 4056 DIodor.
952 4034 987 4044 -
1010 4008 1099 4058 suidas
1119 4011 1145 4059 itt

79 4091 227 4163 ῃξςωίαστ.
239 4115 279 4128 -
289 4085 368 4140 strab.
379 4085 423 4137 lib.
434 4087 506 4136 1111.
517 4113 551 4124 -
564 4084 652 4149 Polyb.
663 4086 730 4153 apud
739 4087 820 4136 Viles.
829 4115 864 4126 -
873 4088 937 4139 Plin.
947 4088 1071 4151 mlv,
1085 4090 1110 4142 ⁸.
