2654 4830
214 329 233 370 ⁴).
391 303 409 367 J
418 302 460 367 0.
488 300 828 368 FltElei-ffiatll
860 303 1106 371 SUPPLEM.

251 419 322 473 unde
333 419 408 471 rixori
420 420 476 490 ojus
490 418 538 470 dos
548 416 713 471 redderetur.
725 419 871 490 Pomptinae
880 421 1016 490 paludosa
1030 422 1157 477 Cornelio
1169 424 1284 496 Cethego

249 502 372 566 consule,
386 502 430 555 cui
442 521 473 555 ea
487 501 624 572 provincia
636 515 775 566 evenerat,
789 503 910 569 siccate,
924 522 1039 578 agerque
1053 525 1086 559 ex
1100 507 1133 560 iis
1146 507 1243 563 factus.
1322 500 1325 517 ¹

215 713 243 774 l.
264 673 476 775 Anemuri
495 705 712 770 Macedonum
724 709 809 796 regia
820 756 829 788 ‚
842 725 957 797 totque
971 712 1095 777 nobiles
1111 712 1279 800 provincie

122 824 126 829 '
213 810 350 899 imperio
367 808 517 888 adjectoe,
534 831 636 895 quum
654 811 834 898 potentiam
856 834 1023 876 romanam
1044 813 1200 878 omnibus
1219 813 1275 894 jam

215 912 345 1002 regibus
380 910 633 998 nationibusque
666 910 903 976 formidabilem
929 914 1131 996 effecissent,
1158 916 1274 979 nullum

216 1018 318 1077 ferme
332 1034 469 1101 regnum
480 1012 585 1094 ,nulla
597 1012 777 1100 respublica
788 1012 868 1095 fuit,
882 1015 961 1101 quin
974 1015 1141 1081 mittendis
1149 1017 1274 1080 Romam

217 1116 327 1204 legatis
341 1114 455 1177 victori
469 1114 616 1201 gentium
633 1114 756 1201 populo
770 1114 964 1180 adularetur.
981 1118 1121 1181 Aeuerat
1135 1132 1273 1204 preterea

218 1216 418 1305 diligentiam
426 1213 643 1302 quorumdam
654 1238 721 1278 non
734 1216 873 1296 injustus
885 1232 1004 1294 terror,
1017 1241 1059 1282 ne
1066 1241 1171 1306 poenae
1177 1238 1274 1307 repos-

218 1333 371 1381 ceremur
384 1338 500 1403 parum
516 1338 555 1378 ex
573 1313 637 1378 fide
652 1316 746 1378 cultae
763 1318 934 1381 societatis.
953 1320 1019 1381 Ista
1038 1320 1273 1385 maximenon

219 1419 319 1482 movit
328 1418 509 1480 Eumenem
519 1464 528 1495 ,
539 1416 621 1478 Asiae
633 1438 760 1505 regem,
772 1433 810 1479 ut
822 1417 856 1480 in
866 1416 990 1482 Italiam
1004 1420 1181 1508 navigaret.
1194 1423 1275 1485 Com·

217 1536 312 1610 perto
325 1519 408 1607 regis
420 1517 557 1580 consilio
573 1516 762 1581 dubitavere
774 1517 901 1599 Patres,
914 1541 1059 1606 quonam
1071 1521 1174 1586 modo
1186 1518 1276 1609 excipi

217 1622 401 1685 venientem
416 1639 531 1681 verum
544 1633 627 1680 esset
641 1640 649 1680 :
661 1617 783 1705 quippe
794 1641 898 1705 quum
912 1621 1061 1707 proximo
1081 1621 1169 1687 bello
1187 1644 1280 1686 mace·

218 1723 470 1807 ‹lonioo,neque
479 1719 554 1782 satis
565 1741 626 1807 pro
644 1719 767 1801 amico,
777 1741 885 1807 neque
898 1743 959 1808 pro
968 1721 1064 1787 hoste
1074 1746 1109 1787 se
1124 1725 1281 1814 gessisset,

218 1822 403 1900 haerebant,
424 1843 466 1883 ne
487 1834 544 1882 aut
564 1819 712 1907 repulsus
737 1819 949 1885 condemnari
978 1822 1040 1887 isto
1061 1825 1214 1910 crimine,
1231 1838 1288 1889 aut

218 1923 377 1987 admissus
386 1919 514 1984 liberari
530 1919 713 1983 videretur:
726 1943 800 1984 nam
815 1937 848 1985 et
864 1921 1030 1988 absolvere
1041 1926 1174 2015 pigebat
1184 1924 1287 1991 haud·

221 2045 384 2112 quaquam
397 2020 524 2085 illibatae
536 2019 611 2084 fidei
624 2022 747 2101 virum3
758 2037 790 2084 et
799 2023 943 2112 pudebat
952 2025 1038 2090 bello
1047 2043 1177 2114 petere,
1192 2030 1291 2118 quenl

222 2125 282 2212 ipsi
305 2124 402 2212 paulo
417 2138 493 2186 ante
506 2123 688 2210 principem
707 2123 905 2207 amicorum,
922 2141 959 2188 ut
975 2126 1043 2190 aliis
1059 2128 1101 2192 ad
1121 2130 1293 2195 colendam

223 2226 397 2289 amicitiam
420 2246 588 2289 romanam
606 2224 792 2312 exemplum
807 2241 910 2307 esset,
926 2226 1044 2315 opibus
1060 2244 1094 2292 et
1109 2229 1299 2295 honoribus

221 2329 392 2391 ambitiose
410 2342 574 2391 auxerant.

266 2430 309 2493 ll.
322 2427 468 2491 Tandem
483 2450 520 2490 eo
530 2426 582 2490 via
593 2426 732 2515 placuit,
747 2449 812 2515 qua
826 2427 925 2491 animi
940 2429 1089 2518 viresque
1105 2432 1192 2522 regis
1205 2435 1301 2497 fran‘

221 2544 386 2621 gerentur,
401 2550 462 2590 nec
478 2529 512 2590 in
531 2527 622 2591 illum
639 2544 748 2592 tamen
763 2528 958 2592 nominatim
973 2529 1098 2618 aliquid
1112 2534 1300 2598 constitue·

223 2648 322 2697 retur.
342 2630 445 2720 Igitur
464 2630 498 2692 in
517 2650 693 2692 commuue
711 2629 773 2692 lata
788 2629 840 2691 lex
859 2644 926 2711 est,
942 2653 981 2692 ne
999 2632 1054 2694 eui
1075 2635 1145 2720 regi
1159 2634 1304 2697 nomam

227 2735 332 2795 venire
349 2730 462 2794 liceret.
483 2730 560 2810 Ejus
577 2730 760 2817 exemplum
776 2729 893 2793 missus
907 2753 926 2793 a
943 2747 1057 2796 senatu
1072 2750 1216 2821 quaestor
1228 2734 1306 2799 Eu*

225 2834 328 2914 meni,
341 2835 396 2921 qui
408 2831 473 2912 jam
488 2831 710 2895 Brundusium
721 2830 904 2919 appulerat,
916 2832 1023 2896 attulit
1035 2858 1043 2896 :
1056 2834 1153 2898 simul
1167 2834 1307 2900 denuna

227 2936 322 3015 tiato,
334 2938 361 2999 si
369 2934 450 3023 quid
459 2935 490 2997 ei
501 2958 523 2996 o
531 2932 653 3023 populo
669 2955 800 2996 marano
814 2956 889 3022 opus
899 2950 996 3016 esset,
1011 2939 1060 2999 uti
1071 2936 1195 3018 edere&
1210 2926 1311 3027 quod

225 3038 253 3098 si
279 3034 360 3098 nihil
385 3050 461 3098 esset
488 3057 581 3122 opus,
611 3035 844 3122 quamprimum
871 3034 1037 3099 excederet
1059 3035 1171 3103 Italae.
1195 3042 1304 3106 Breve

226 3159 418 3227 responsum
433 3136 588 3199 Ennianis
605 3136 685 3215 fuit,
700 3152 733 3199 et
749 3137 843 3223 quale
859 3135 1017 3199 inanimo
1033 3138 1124 3228 regio
1142 3156 1254 3205 metus
1266 3150 1305 3205 et

226 3240 273 3302 ira
286 3246 494 3327 pepererant,
506 3236 598 3300 nulla
611 3238 673 3301 sihi
684 3261 717 3300 re
729 3260 805 3325 opus
815 3259 886 3301 esse.
898 3235 1059 3300 Submoto
1071 3239 1117 3303 sic
1128 3240 1300 3321 Eumene,

226 3355 355 3403 senatus
368 3337 502 3401 aliarum
514 3338 660 3429 gentium
673 3338 904 3427 civitatumque
914 3338 1025 3428 legatis
1039 3362 1175 3428 operam
1191 3342 1299 3427 dedit,

228 3440 285 3527 qui
306 3438 487 3529 gratulandi
511 3462 607 3503 causa
626 3462 702 3502 cum
726 3440 916 3504 muneribus
934 3458 1109 3506 venerant:
1130 3443 1152 3505 ii
1174 3446 1298 3533 perhu-

228 3543 367 3606 maniter
374 3541 476 3606 auditi
486 3540 676 3629 dimissique
687 3558 780 3621 sunt,
791 3542 972 3630 impetratis·
980 3543 1179 3631 ferme,quae
1187 3564 1299 3635 postu-

230 3644 383 3708 laverant.

274 3748 333 3811 lll.
349 3746 412 3810 Sed
432 3745 679 3810 Atheniensium
697 3746 828 3836 legatio,
847 3768 953 3833 neque
973 3746 1120 3811 moribus
1145 3748 1300 3831 civitatis,

266 3974 282 4038 5
297 3977 316 4021 1.
332 3973 384 4020 Pol.
399 3973 513 4035 Excerpt.
530 3973 609 4034 Legat.
624 3987 666 4032 υς.
678 3999 711 4006 -
722 3972 774 4019 Liv.
786 3970 851 4035 Epir.
862 3972 951 4019 llLl‘l.
966 3999 999 4007 -
1011 3970 1100 4033 Polyb.
1115 3997 1150 4008 -
1167 3970 1185 4035 s
1197 3973 1235 4022 11.
1251 3974 1302 4023 tir.

231 4059 296 4122 Epir.
309 4085 340 4094 -
354 4056 441 4120 Polyb.
455 4084 487 4092 -
502 4055 761 4120 lliedor.up11dl'ult·.
774 4057 855 4103 [rsiu.
