2654 4830
54 314 102 399 sis>
229 320 297 385 Jl).
325 318 668 385 FREINSHEMII
698 318 948 388 SUPPLEM.

53 436 272 519 timebantur,
289 437 421 500 comitia
443 438 624 500 consularia
643 437 738 502 citius
757 438 885 520 haberi,
906 443 1116 534 consulesque.

52 538 238 630 designatos
265 539 327 627 (Q.
347 539 478 603 Fulvius
502 538 547 602 M.
568 539 604 602 F.
628 539 673 603 M.
694 539 735 603 N.
757 540 922 622 Nobilior,
939 544 977 607 T.
997 547 1115 612 Annius

52 640 91 705 ¹1⁸.
105 642 138 705 ll.
149 640 188 706 Τ.
202 641 240 705 N.
252 642 375 705 Luscus
388 641 491 727 erant)
505 657 581 704 ante
594 640 681 704 diem
696 639 846 705 kalendas
859 642 1023 721 januarias
1043 646 1116 713 inire

52 744 273 831 rrrnqiatraturn
293 743 430 831 placuit3
450 763 553 829 quum
575 758 707 805 eatenus
731 741 803 806 idus
823 745 945 808 martias
967 747 1115 814 solemnis

50 846 79 911 ci
107 847 238 935 negritia
262 844 330 911 dies
353 844 500 908 fuissent.
518 845 556 907 Τ.
576 844 702 906 Annius
724 834 832 908 Gallos
857 845 956 931 (nam
980 865 1016 912 et
1041 851 1115 916 iiia

50 948 148 1015 aratris
162 950 266 1033 ararit)
285 944 484 1036 provinciam
502 943 652 1007 habuisse
667 944 812 1008 ridetur:
827 946 979 1011 Nobilior
995 950 1032 1012 in
1050 953 1114 1016 Cel·

50 1048 189 1127 tibenin,
207 1047 264 1137 qui
278 1046 354 1111 llelli
369 1045 654 1134 cognominantur,
671 1061 719 1108 est
734 1047 909 1133 profectus.
929 1049 981 1113 Illi
998 1054 1114 1117 tumul·

48 1166 143 1217 ttttttn
160 1172 219 1241 prr
238 1148 426 1237 llispaniana
442 1160 590 1210 auctores
610 1145 766 1234 Segcdam
783 1148 986 1234 incolebant,
1005 1154 1112 1219 urbem

48 1276 198 1343 strepitant
209 1266 242 1315 et
251 1250 562 1341 opulentam,quam
572 1246 684 1310 foederi
694 1270 755 1310 suo
765 1248 814 1313 Ti.
825 1249 1005 1332 Gracchus,
1016 1275 1112 1340 quum

48 1356 236 1447 llispaniatn
253 1351 437 1419 trutinaret.
453 1348 672 1436 adscripscrat.
688 1350 768 1412 Fam
784 1365 872 1432 tum,
889 1354 1011 1418 coactis
1030 1355 1113 1420 dese·

47 1483 118 1526 tutu
139 1458 265 1524 trtinora
282 1450 403 1542 oppida
423 1451 557 1530 incolis,
573 1451 735 1540 augebant
755 1452 901 1534 barbari,
918 1477 1112 1547 murumque

46 1560 227 1629 stadiorum
249 1552 463 1647 qttadragiuta
481 1552 605 1615 circum
625 1554 849 1637 exstruebant3
867 1556 962 1620 etiam
981 1560 1112 1642 Tittbis,

46 1666 151 1732 ticina
172 1676 285 1753 gente.
301 1660 334 1723 iu
353 1653 500 1719 nunidem
522 1655 698 1742 compulsis
715 1677 847 1743 :neque
862 1679 977 1743 parcre
992 1662 1113 1725 senatui

47 1770 233 1834 tulttcuutt.
252 1758 372 1826 wtartti
391 1758 502 1821 irritari
520 1754 715 1842 quidquam,
731 1755 917 1843 tributaque
936 1775 970 1822 et
987 1762 1113 1826 ataxilia·

46 1891 97 1934 Μ
115 1866 225 1955 inpias
242 1859 425 1951 imputanti.
444 1858 576 1945 Quippe
577 1856 708 1942 fudere
720 1857 906 1938 gracchana
912 1865 1113 1952 perscripta

44 1968 171 2063 quidem
190 1964 395 2031 astantum.
413 1982 454 2022 tte
475 1960 565 2022 ardes
582 1979 679 2019 novas
693 1956 887 2020 conderent:
905 1971 1027 2024 vetem
1041 1967 1112 2051 queit

44 2080 260 2135 marana-urat
274 2066 515 2149 nescientque.
535 2056 620 2120 nite
630 2073 794 2147 exceptam
802 2082 816 2137 ;
832 2060 1021 2125 mbutomm
1042 2086 1111 2127 vero

44 2186 77 2235 rt
93 2168 215 2232 mt'lr'titr
237 2166 433 2229 iterativum
451 2161 495 2223 ab
511 2164 577 2248 ipim
596 2175 707 2223 serrum
717 2208 728 2237 ,
741 2175 817 2248 post
832 2160 973 2225 Gracchi
978 2162 1108 2251 foedus,

44 2276 156 2339 «liutem
170 2294 182 2331 r
197 2290 304 2355 nuqnc
317 2264 427 2327 aberat
444 2262 509 2323 boc
520 2284 539 2322 a
552 2284 649 2339 vero,
662 2260 719 2324 sed
736 2262 923 2325 immunitas
939 2263 998 2327 ista
1010 2287 1110 2352 quum

45 2402 61 2441 a
84 2388 198 2437 scitatis
218 2364 428 2440 tertiandum,
444 2361 519 2424 addi
539 2384 667 2448 semper
681 2364 781 2443 solet,
796 2387 995 2446 mensurarit,
1015 2368 1110 2432 doner

46 2474 167 2539 apparui
184 2465 365 2555 lapideque
385 2485 517 2523 rumano
535 2461 694 2525 vitientur.

91 2566 258 2634 XXXi'll.
270 2565 310 2626 Et
322 2561 510 2648 Segidenses
520 2560 653 2645 quidem
663 2565 812 2650 ,cognito
821 2567 962 2631 consulis
970 2567 1109 2633 adventu

43 2671 225 2761 «aquisque,
237 2685 310 2724 nam
328 2660 369 2722 ad
382 2661 511 2746 triginta
528 2659 699 2724 hominurn
719 2665 816 2728 millia
829 2666 1025 2751 adducebat,
1036 2671 1109 2758 quia

44 2771 193 2837 ttotnlnm
214 2762 401 2852 permunita
418 2760 496 2823 urbs
517 2777 600 2841 crat,
616 2762 657 2825 ad
679 2767 838 2832 Arvaccos
859 2793 934 2833 cum
953 2773 1108 2838 uxoribus

42 2890 72 2939 ct
85 2870 193 2935 liberis
203 2867 427 2951 perfugerunt.
439 2863 587 2944 Am'acci,
603 2866 753 2951 protinus
766 2873 957 2936 consociatis
969 2874 1108 2955 viribus,

42 2978 126 3037 (iarn
143 2963 309 3053 scgedensi
331 2984 491 3025 summani
509 2987 618 3027 rerum
637 2966 803 3051 deferunt,
819 2975 891 3036 viro
906 2974 1028 3039 bellicis
1042 3000 1109 3040 ceu

44 3067 220 3140 tarninibus
231 3063 404 3126 exercitato
416 3087 423 3126 :
437 3065 494 3150 qui
505 3068 654 3151 proximo
665 3072 773 3134 statim
784 3074 912 3156 triduo,
927 3099 1032 3163 quum
1048 3081 1109 3143 iter

43 3178 146 3239 littere
157 3181 274 3255 praeter
288 3164 357 3225 loca
373 3164 497 3227 insidiis
512 3183 695 3252 opportuna
707 3174 872 3241 Romanos
883 3181 1107 3267 comperisset,

41 3286 166 3362 raptata
188 3264 375 3342 occasione,
394 3286 469 3325 cunr
488 3265 633 3351 peditum
656 3272 769 3359 viginti
786 3279 943 3361 millibus,
960 3283 1107 3368 equitum

41 3375 202 3465 quinque,
217 3368 376 3451 impetum
390 3364 476 3428 lecit.
494 3366 573 3431 Post
587 3392 693 3435 acrem
713 3391 745 3438 et
757 3377 945 3444 diuturnam
964 3405 1107 3472 pugnam

43 3486 213 3541 verruntur
234 3468 267 3528 in
292 3466 401 3553 sugam
426 3469 565 3531 Romani
587 3494 595 3534 :
614 3473 803 3566 deletusque
830 3483 913 3546 foret
938 3485 1106 3550 occidione

40 3572 213 3647 exercitus,
226 3567 258 3628 ni
266 3567 410 3652 equites,
422 3566 463 3629 ad
475 3570 653 3636 custodiam
665 3577 973 3665 impedimentorum
987 3586 1105 3668 relicti,

41 3694 184 3769 pugnam
198 3666 486 3753 redintegrasscnt,
496 3690 667 3760 postquam
680 3680 765 3744 inter
780 3684 1019 3772 insequendum
1037 3689 1106 3752 Cel·

42 3776 222 3843 tiberorum
242 3789 375 3854 quoque
394 3770 539 3835 turbatos
560 3797 628 3841 esse
650 3780 780 3845 ordines
797 3787 1103 3855 animadverterunt.

74 3969 231 4040 sum.
249 3968 302 4015 bit.
319 3970 385 4034 Epit.
400 4000 435 4009 -
447 3974 557 4024 Cassiod.
574 3979 667 4029 Chron.
685 4011 719 4020 -
736 3986 840 4036 Marion.
857 3991 923 4039 Scor.
943 4018 978 4029 —
995 3994 1103 4059 Appiam

41 4058 141 4118 Hispan.
1000 4104 1004 4111 ·
