2654 4830
130 343 151 422 Δ
306 337 375 402 JO.
403 333 742 404 FREINSHEMH
772 332 1019 401 SUPPLEM.

130 458 251 537 majore
268 455 368 533 belle,
383 453 516 541 inalpini
532 452 613 516 Galli
633 468 665 516 et
684 453 816 541 Ligures
837 453 1010 539 provinciae
1026 454 1142 520 luere:
1158 480 1198 519 ex

92 586 93 590 ¹
130 575 268 645 utraque
291 571 387 644 gente
408 554 663 642 triumphatum3
689 576 791 640 quum
815 554 865 617 Cl.
883 553 1054 619 Marcellus
1071 556 1198 638 Gallos,

130 664 166 726 C.
182 659 343 746 Sulpicius
359 657 492 744 Ligures
509 655 698 743 subegisset.
716 656 947 719 Consularibus
960 656 1080 722 deinde
1097 661 1197 722 comi·

131 763 182 826 tiis
200 776 287 823 tanta
303 756 551 821 candidatorum
564 756 698 821 ambitio
715 757 792 839 suit,
804 773 842 820 ut
858 775 1037 822 convocato
1053 761 1088 822 in
1105 761 1195 859 Capi-

39 848 43 857 *
130 863 245 928 toliunr
262 875 375 925 senatu
387 881 470 946 opus
484 874 577 922 esset.
595 858 644 921 Eo
655 879 689 920 se
703 856 819 920 milvus
837 858 904 921 avis
915 858 1043 940 intulit,
1055 876 1192 947 raptam·

131 986 196 1051 que
207 961 248 1024 <le
266 959 343 1023 cella
359 959 446 1021 lovis
457 958 627 1022 mustelam
641 958 674 1019 in
688 957 832 1021 medium
849 982 1037 1024 consessum
1052 962 1150 1027 misit.
1158 959 1190 1025 Irl

130 1061 317 1151 prodigium
332 1058 432 1123 solitis
444 1058 620 1139 sacrificiis,
631 1074 665 1155 qt
677 1058 869 1123 lustratione
882 1060 971 1125 urbis
986 1078 1188 1150 procuratum

130 1180 189 1228 est.
212 1163 309 1225 Plura
337 1183 414 1224 mox
438 1183 577 1249 sequens
600 1182 704 1223 annus
728 1161 852 1242 attulit,
872 1185 974 1249 quum
997 1164 1035 1226 T.
1059 1165 1188 1227 Manlius

129 1268 169 1329 Α.
180 1264 216 1326 F.
228 1264 266 1326 T.
279 1262 321 1326 N.
334 1263 534 1348 Torquatus,
545 1263 606 1324 Cn.
621 1261 774 1327 Octavius
791 1263 853 1327 Cn.
868 1262 904 1327 F.
918 1265 980 1326 Cn.
991 1265 1032 1328 N.
1050 1266 1188 1329 consula·

130 1382 198 1429 tum
225 1364 415 1427 inivissent:
435 1384 510 1424 nam
533 1377 565 1424 et
582 1361 764 1448 pestilentia
782 1363 828 1426 sic
852 1363 885 1427 in
909 1363 998 1427 Urbe
1016 1364 1187 1429 laboratum

130 1482 196 1546 est,
207 1481 244 1528 ut
256 1488 295 1528 ex
305 1463 462 1552 sibyllinis
477 1463 567 1526 libris
578 1463 736 1552 populus,
749 1464 870 1528 circum
885 1466 1025 1554 compita
1042 1483 1076 1530 et
1087 1466 1185 1531 sacelb

130 1582 301 1655 operatus,
315 1563 444 1628 sederit.
461 1565 504 1628 Et
517 1565 550 1626 in
566 1563 634 1627 aede
648 1565 816 1628 Penatium
830 1582 932 1629 noctu
947 1589 1005 1630 sua
1018 1583 1134 1655 sponte
1147 1569 1187 1631 fo·

129 1692 180 1733 res
188 1682 381 1757 patuerunt:
393 1666 462 1754 lupi
474 1687 605 1753 quoque
617 1666 650 1727 in
662 1666 815 1753 Esquiliis
826 1682 859 1730 et
869 1668 950 1731 colle
960 1668 1121 1750 Quirinali
1134 1691 1190 1731 me·

130 1771 181 1835 dia
196 1772 268 1834 luce
284 1768 465 1854 conspecti,
479 1767 748 1854 persequentibus
765 1790 838 1848 eos,
855 1769 912 1855 qui
928 1766 1091 1849 viderant,
1106 1770 1189 1858 fuge·

129 1886 217 1934 runt.
237 1869 327 1933 Urbe
350 1869 469 1932 iterum
490 1868 639 1947 lustrata,
658 1865 747 1943 domi
771 1868 914 1956 forisque
941 1871 1121 1957 tranquillae
1143 1890 1193 1934 res

129 1970 273 2034 fuerunt.
287 1969 386 2034 Ludis
398 1969 522 2058 magnis
532 1968 679 2057 pugilum
694 1984 728 2031 et
739 1968 1004 2033 funambulorum
1017 1972 1194 2059 spectacula

131 2070 163 2131 in
172 2074 306 2134 'scenam
318 2072 390 2135 Sex.
410 2072 426 2134 J
429 2070 514 2133 ulius
527 2071 641 2159 (Jaesar,
652 2070 712 2132 Cn.
727 2070 898 2135 Cornelius
911 2071 1077 2136 Dolabella
1091 2073 1207 2139 aediles

130 2173 258 2237 curules
278 2173 496 2237 introduxere.

174 2274 230 2339 Vl.
249 2276 311 2338 Hic
331 2296 464 2362 quoque
480 2295 584 2336 annus
602 2274 843 2338 memorabilior
854 2275 1085 2363 legationibus,
1100 2292 1215 2364 quant

129 2376 226 2439 rebus
247 2376 332 2439 hello
355 2377 472 2463 gestis,
496 2375 568 2438 fuit.
582 2374 709 2438 Venere
731 2374 1002 2465 Gallograecorunr
1023 2376 1057 2439 in
1075 2376 1215 2439 urben·

130 2476 237 2565 legati,
254 2498 370 2565 magna
389 2498 465 2562 spe,
483 2474 553 2539 fore
571 2491 610 2538 ut
625 2493 795 2563 suspectus
816 2480 997 2560 EumeneS,
1016 2494 1050 2541 et
1071 2492 1215 2541 tantun!

129 2601 196 2641 non
209 2577 371 2667 prohaste
381 2576 528 2657 habitus,
540 2566 713 2664 gratiorem
725 2577 813 2664 apud
827 2580 992 2641 Romanos
1006 2577 1215 2666 petitionen·

128 2702 220 2742 suam
237 2679 367 2741 faceret.
386 2677 510 2740 Bellum
525 2677 612 2739 enim
632 2676 796 2740 habebant
816 2701 891 2742 cum
904 2681 1067 2760 Eumene,
1083 2691 1215 2766 praeter

128 2780 220 2842 solita
235 2780 403 2858 hostibus,
419 2778 572 2865 peculiari
597 2776 736 2864 quadam
752 2779 878 2843 feritate
898 2781 1001 2868 gentis
1018 2780 1215 2861 exitiabile,

128 2879 218 2966 quod
232 2902 271 2943 ex
285 2881 416 2968 captivis
433 2895 524 2942 aetate
540 2893 573 2941 et
587 2878 691 2941 forma
706 2879 906 2967 praecipuum
923 2901 1089 2967 quemque
1102 2880 1215 2944 victi*

128 3001 254 3043 marum
275 2982 308 3043 in
326 3003 450 3044 morem
471 2996 603 3043 ornatos
626 2978 686 3042 diis
707 2981 774 3043 suis
796 2981 1061 3060 immolaverant-3
1085 2998 1214 3046 caetertt

128 3081 219 3142 omni
234 3082 346 3162 turba,
364 3102 551 3168 quanquam
568 3080 661 3143 multi
678 3081 756 3144 olim
775 3083 845 3145 noti
862 3081 1023 3169 amicique
1039 3082 1073 3144 in
1095 3105 1133 3146 ea
1149 3106 1215 3148 es«

127 3196 216 3264 sent,
233 3182 303 3245 telis
321 3183 448 3246 obruta.
465 3184 664 3245 Concessum
680 3183 731 3246 his
748 3197 798 3247 est
810 3183 850 3246 ab
867 3199 997 3264 senatu,
1019 3199 1057 3247 ut
1070 3184 1199 3273 legibus

127 3285 193 3346 suis
210 3300 401 3348 uterentur:
419 3283 499 3362 jussi
513 3299 621 3347 tamen
637 3300 716 3347 sunt
729 3283 819 3347 domi
835 3307 870 3348 se
886 3284 1072 3365 continere,
1089 3306 1200 3374 neque

127 3406 202 3447 cum
219 3386 316 3449 armis
334 3384 412 3448 fmes
426 3398 506 3447 'suos
520 3382 640 3472 egredi.

170 3484 243 3550 VII.
260 3484 356 3549 Haud
371 3506 463 3572 aeque
478 3484 625 3573 propitiis
642 3485 793 3567 auribus,
809 3486 884 3550 licet
901 3485 1038 3566 justiore
1058 3486 1094 3548 in
1111 3486 1201 3551 desi·

126 3586 233 3667 derio,
251 3588 443 3650 Achaeorum
460 3602 508 3651 est
531 3585 640 3651 audita
662 3587 790 3677 legatio.
814 3588 959 3674 Populus
979 3587 1039 3650 iste
1055 3610 1147 3652 unus
1163 3613 1200 3655 ea

160 3831 176 3897 5
190 3833 221 3877 V.
231 3831 280 3879 Tit.
291 3831 371 3879 Andr.
383 3833 440 3881 Ter.
451 3860 486 3868 —
497 3832 548 3882 tul.
558 3832 650 3896 Obseq.
664 3859 698 3869 -
712 3831 905 3896 CohTriumph.
918 3830 1197 3895 -uv.upu.xnv1.

126 3940 160 3950 -
175 3914 273 3976 Prolog.
292 3916 395 3977 hecyrae
412 3917 509 3964 Terent.
530 3943 563 3952 -
576 3915 592 3980 5
606 3917 650 3963 vt.
668 3918 733 3965 Just.
746 3916 902 3972 xxxvttt,
915 3917 941 3963 6.
954 3941 990 3951 -
1003 3914 1057 3963 Pol.
1079 3915 1199 3981 Exuet-pt,

125 3999 205 4061 Iaegat.
217 4012 248 4057 97
263 4009 287 4045 et
301 4013 358 4044 roa.
370 4025 405 4034 -
417 4003 500 4049 Front.
513 4000 586 4048 Strat.
597 4002 622 4057 1,
637 4016 666 4056 a,
680 3999 719 4050 16.
731 4027 765 4036 —
779 3997 883 4048 casaub.
894 3998 921 4046 in
932 3998 1042 4063 Polyaen.
1052 4013 1079 4061 p.
1091 4006 1154 4058 7¹4·
1166 4028 1198 4037 -

125 4081 228 4128 Diodor.
243 4081 308 4146 apucl
320 4082 400 4131 Voles.
1107 4098 1111 4106 ·
