2654 4830
67 423 1137 445 mUWWbmmmSMmmfflmmm

360 628 416 714 Ν.
452 627 500 712 Ε.
542 626 859 713 LEMAIRE

257 837 587 942 LECTORI
629 839 966 943 ERUDITO

518 1047 555 1123 S.
585 1049 626 1124 P.
657 1050 704 1123 D.

416 1275 811 1313 ,Τ-ᾼᾳμρ..

72 1437 215 1570 Quum
231 1485 384 1535 octavum
400 1471 538 1534 Livianae
552 1470 650 1551 hujus
665 1469 816 1535 editionis
830 1473 984 1535 volumen
999 1475 1148 1538 omnium
1232 1535 1234 1539 ,

73 1610 151 1673 quae
175 1601 303 1650 exstent
325 1585 407 1648 Livii
429 1606 567 1672 operum
591 1585 837 1650 conclusionem
864 1587 978 1668 faciat,
1003 1588 1150 1653 nuncid

71 1702 158 1765 mihi
183 1700 367 1766 curandum
391 1717 541 1788 superest
567 1716 605 1763 ut
626 1699 733 1766 datam
754 1699 853 1766 fidem
877 1702 967 1789 (vide
987 1679 1066 1768 toni.
1083 1705 1150 1786 111,

70 1838 149 1905 pag.
178 1815 244 1901 489
274 1814 360 1903 sqq.)
392 1815 633 1903 supplementis
659 1817 708 1880 Jo.
735 1816 952 1882 Freinshemii
979 1819 1013 1882 in
1043 1820 1152 1884 lucem

70 1929 213 1994 edendis
228 1930 401 1994 exsolvam.
416 1929 467 1994 De
481 1929 601 2018 quibus
612 1931 677 2010 jam
693 1930 772 2020 quid
786 1955 968 2017 censerem,
978 1951 1012 2000 et
1022 1936 1152 2024 qualem

69 2046 106 2107 in
125 2045 174 2108 eis
190 2042 395 2133 publicandis
410 2067 542 2132 operam
558 2046 782 2110 collocaverim
796 2050 949 2137 exposui,
962 2066 1061 2138 atque
1076 2073 1154 2140 prae·

71 2160 264 2223 fatiunculae
285 2159 440 2239 subjunxi
460 2162 652 2250 Catulogum
672 2162 869 2251 scriptorum
890 2187 973 2253 quos
995 2165 1036 2229 ad
1055 2164 1151 2230 fidem

70 2278 125 2342 sui
145 2276 267 2341 loboris
284 2293 382 2342 testes
401 2279 471 2366 ipse
489 2296 602 2354 auctor
620 2278 796 2391 advocavit.
862 2353 871 2370 ι

120 2395 207 2477 Quae
222 2411 408 2482 sequuntur
420 2393 564 2459 Decedes
581 2374 660 2458 noti·
656 2368 756 2466 iisi'
746 2394 824 2503 pp‘st
819 2380 1074 2492 Faustini
1068 2418 1154 2461 mor-

72 2529 143 2574 tem
172 2508 329 2597 publici
318 2509 401 2588 Juris
425 2524 502 2571 sunt
528 2509 637 2590 factae3
635 2462 777 2605 iiiule.
779 2487 833 2573 fii·
837 2526 876 2593 ut
897 2509 1127 2603 quibusdam
1118 2534 1153 2573 m

72 2627 176 2704 locis,
194 2624 251 2687 sed
268 2622 437 2712 perpaucis
455 2639 580 2703 tamen,
595 2622 719 2695 ultima:
709 2579 946 2694 ·ilisileietui
943 2647 1073 2688 manus.
1090 2625 1155 2688 lta·

72 2765 144 2828 que
159 2763 235 2803 cum
248 2738 399 2803 Creverio
414 2759 479 2799 non
496 2724 642 2800 dribitavi
658 2732 819 2850 ᾳὺωᾷξίήι·
809 2725 951 2834 :yedff
927 2739 1017 2809 aitte
1031 2737 1154 2804 mendo

73 2855 247 2942 scripturae
267 2852 350 2914 male
367 2849 469 2931 edita,
494 2867 550 2914 aut
573 2874 644 2937 quae
668 2824 870 2937 pi'opetlriiii
866 2811 1003 2914 caliiirri
1023 2853 1154 2919 excide-

74 2985 170 3047 runt,
187 2967 318 3045 rejicere
336 2965 387 3028 vel
404 2964 596 3045 emendare,
612 2979 711 3051 prout
732 2986 845 3026 sensus
864 2982 896 3026 et
919 2966 1008 3027 latini
1029 2990 1154 3031 sermo·

74 3086 128 3147 nis
148 3083 235 3170 leges
255 3080 417 3168 postulare
436 3079 639 3143 videbantur.

123 3198 288 3281 integrum
307 3193 422 3280 reliqui
441 3193 547 3281 operis
565 3215 726 3256 summum
746 3195 1006 3281 complectentur
1026 3199 1085 3262 tria
1103 3221 1157 3263 vo·

75 3310 222 3388 luminu,
242 3330 314 3394 quae
336 3306 433 3371 finem
459 3308 597 3371 Livianae
620 3307 699 3371 huic
722 3306 858 3371 editioni
884 3311 1071 3398 imponent,
1093 3313 1156 3376 nisi

72 3421 172 3510 quod
189 3419 338 3507 quaedum
358 3419 398 3483 ud
418 3422 546 3484 Livium
567 3423 778 3511 pertinentia,
801 3423 991 3512 indicesque
1011 3428 1157 3516 locuple·

76 3535 200 3599 tissimi
219 3534 444 3613 subjicientur.

123 3652 210 3731 Quae
227 3650 353 3729 omnia,
370 3649 472 3713 lector
489 3652 629 3738 optime,
648 3652 706 3714 tibi
725 3653 938 3735 satisfaciunt,
951 3656 1159 3720 vehementer

74 3783 171 3854 opto.
184 3764 266 3826 Vive
284 3778 316 3826 ot
332 3765 411 3827 vale.
440 3842 443 3847 Ι
599 3749 600 3752 ¹

400 3983 851 4014 -ῴ-
