<?xml version="1.0" encoding="UTF-8"?>
<!DOCTYPE html PUBLIC "-//W3C//DTD XHTML 1.0 Transitional//EN"
    "http://www.w3.org/TR/xhtml1/DTD/xhtml1-transitional.dtd">
<html xmlns="http://www.w3.org/1999/xhtml" xml:lang="en" lang="en">
 <head>
  <title>
</title>
<meta http-equiv="Content-Type" content="text/html;charset=utf-8" />
  <meta name='ocr-system' content='tesseract 3.04.00' />
  <meta name='ocr-capabilities' content='ocr_page ocr_carea ocr_par ocr_line ocrx_word'/>
</head>
<body>
  <div class='ocr_page' id='page_1' title='image "bibliothecaclas00lemagoog_0028.png"; bbox 0 0 2654 4830; ppageno 0'>
   <div class='ocr_carea' id='block_1_1' title="bbox 256 318 1136 400">
    <p class='ocr_par' dir='ltr' id='par_1_1' title="bbox 256 318 1136 400">
     <span class='ocr_line' id='line_1_1' title="bbox 256 318 1136 400; baseline 0.001 -2"><span class='ocrx_word' id='word_1_1' title='bbox 256 331 309 400; x_wconf 91' lang='lat' dir='ltr'>IN</span> <span class='ocrx_word' id='word_1_2' title='bbox 338 331 449 398; x_wconf 89' lang='lat' dir='ltr'><strong>LOC.</strong></span> <span class='ocrx_word' id='word_1_3' title='bbox 475 330 569 398; x_wconf 88' lang='lat' dir='ltr'><strong>LIB.</strong></span> <span class='ocrx_word' id='word_1_4' title='bbox 597 332 715 399; x_wconf 86' lang='lat' dir='ltr'>XLVI</span> <span class='ocrx_word' id='word_1_5' title='bbox 745 318 963 400; x_wconf 78' lang='lat' dir='ltr'>Ltvlt&#39;ttl.</span> <span class='ocrx_word' id='word_1_6' title='bbox 1094 328 1136 399; x_wconf 81' lang='lat'>13</span> 
     </span>
    </p>
   </div>
   <div class='ocr_carea' id='block_1_2' title="bbox 58 448 1144 3874">
    <p class='ocr_par' dir='ltr' id='par_1_2' title="bbox 63 448 1135 743">
     <span class='ocr_line' id='line_1_2' title="bbox 63 448 1135 538; baseline -0.006 -20"><span class='ocrx_word' id='word_1_7' title='bbox 63 454 167 530; x_wconf 80' lang='lat' dir='ltr'>ecrit,</span> <span class='ocrx_word' id='word_1_8' title='bbox 181 452 248 515; x_wconf 85' lang='lat' dir='ltr'>sive</span> <span class='ocrx_word' id='word_1_9' title='bbox 264 468 373 531; x_wconf 90' lang='lat' dir='ltr'>metu,</span> <span class='ocrx_word' id='word_1_10' title='bbox 387 472 428 513; x_wconf 91' lang='lat' dir='ltr'>ne</span> <span class='ocrx_word' id='word_1_11' title='bbox 441 465 535 513; x_wconf 84' lang='lat' dir='ltr'>tanto</span> <span class='ocrx_word' id='word_1_12' title='bbox 550 472 626 512; x_wconf 91' lang='lat' dir='ltr'>cum</span> <span class='ocrx_word' id='word_1_13' title='bbox 643 450 727 514; x_wconf 82' lang='lat' dir='ltr'>fastu</span> <span class='ocrx_word' id='word_1_14' title='bbox 742 448 918 530; x_wconf 82' lang='lat' dir='ltr'>accedens,</span> <span class='ocrx_word' id='word_1_15' title='bbox 935 449 1056 538; x_wconf 86' lang='lat' dir='ltr'>legem,</span> <span class='ocrx_word' id='word_1_16' title='bbox 1071 473 1135 538; x_wconf 85' lang='lat' dir='ltr'>qua</span> 
     </span>
     <span class='ocr_line' id='line_1_3' title="bbox 64 550 1135 644; baseline -0.003 -25"><span class='ocrx_word' id='word_1_17' title='bbox 64 576 162 644; x_wconf 82' lang='lat' dir='ltr'>reges</span> <span class='ocrx_word' id='word_1_18' title='bbox 174 552 274 617; x_wconf 84' lang='lat' dir='ltr'><strong>Urbis</strong></span> <span class='ocrx_word' id='word_1_19' title='bbox 286 551 380 616; x_wconf 85' lang='lat' dir='ltr'>aditu</span> <span class='ocrx_word' id='word_1_20' title='bbox 395 550 664 641; x_wconf 80' lang='lat' dir='ltr'>prohibebantur,</span> <span class='ocrx_word' id='word_1_21' title='bbox 677 551 842 616; x_wconf 86' lang='lat' dir='ltr'>adversam</span> <span class='ocrx_word' id='word_1_22' title='bbox 856 550 1006 632; x_wconf 90' lang='lat' dir='ltr'>haberet,</span> <span class='ocrx_word' id='word_1_23' title='bbox 1019 574 1135 639; x_wconf 83' lang='lat' dir='ltr'>parurn</span> 
     </span>
     <span class='ocr_line' id='line_1_4' title="bbox 64 655 445 743; baseline 0 -24"><span class='ocrx_word' id='word_1_24' title='bbox 64 655 152 719; x_wconf 85' lang='lat' dir='ltr'>milri</span> <span class='ocrx_word' id='word_1_25' title='bbox 165 669 371 743; x_wconf 85' lang='lat' dir='ltr'>compertum</span> <span class='ocrx_word' id='word_1_26' title='bbox 387 669 445 719; x_wconf 87' lang='lat' dir='ltr'>est.</span> 
     </span>
    </p>

    <p class='ocr_par' dir='ltr' id='par_1_3' title="bbox 61 753 1138 2135">
     <span class='ocr_line' id='line_1_5' title="bbox 112 753 1137 844; baseline -0.003 -23"><span class='ocrx_word' id='word_1_27' title='bbox 112 755 222 821; x_wconf 82' lang='lat' dir='ltr'><strong>XXII.</strong></span> <span class='ocrx_word' id='word_1_28' title='bbox 250 757 407 820; x_wconf 73' lang='lat' dir='ltr'>Caeterum</span> <span class='ocrx_word' id='word_1_29' title='bbox 433 754 529 820; x_wconf 86' lang='lat' dir='ltr'>tacite</span> <span class='ocrx_word' id='word_1_30' title='bbox 551 755 715 844; x_wconf 88' lang='lat' dir='ltr'>ingressus</span> <span class='ocrx_word' id='word_1_31' title='bbox 738 755 879 836; x_wconf 82' lang='lat' dir='ltr'>Urbem,</span> <span class='ocrx_word' id='word_1_32' title='bbox 902 755 936 817; x_wconf 94' lang='lat' dir='ltr'>in</span> <span class='ocrx_word' id='word_1_33' title='bbox 959 753 1137 842; x_wconf 84' lang='lat' dir='ltr'>hospitium</span> 
     </span>
     <span class='ocr_line' id='line_1_6' title="bbox 63 853 1137 945; baseline -0.002 -24"><span class='ocrx_word' id='word_1_34' title='bbox 63 857 204 945; x_wconf 87' lang='lat' dir='ltr'>pictoris</span> <span class='ocrx_word' id='word_1_35' title='bbox 223 854 393 937; x_wconf 84' lang='lat' dir='ltr'>cujusdam</span> <span class='ocrx_word' id='word_1_36' title='bbox 409 853 607 920; x_wconf 79' lang='lat' dir='ltr'>alexandrini</span> <span class='ocrx_word' id='word_1_37' title='bbox 626 878 660 919; x_wconf 89' lang='lat' dir='ltr'>se</span> <span class='ocrx_word' id='word_1_38' title='bbox 680 857 827 920; x_wconf 90' lang='lat' dir='ltr'>contulit.</span> <span class='ocrx_word' id='word_1_39' title='bbox 847 854 948 938; x_wconf 91' lang='lat' dir='ltr'>Quod</span> <span class='ocrx_word' id='word_1_40' title='bbox 967 854 1024 918; x_wconf 92' lang='lat' dir='ltr'>ubi</span> <span class='ocrx_word' id='word_1_41' title='bbox 1039 856 1137 919; x_wconf 87' lang='lat' dir='ltr'>resci-</span> 
     </span>
     <span class='ocr_line' id='line_1_7' title="bbox 63 956 1136 1039; baseline -0.001 -17"><span class='ocrx_word' id='word_1_42' title='bbox 63 981 144 1022; x_wconf 81' lang='lat' dir='ltr'>vere</span> <span class='ocrx_word' id='word_1_43' title='bbox 156 958 288 1039; x_wconf 85' lang='lat' dir='ltr'>Patres,</span> <span class='ocrx_word' id='word_1_44' title='bbox 301 956 494 1021; x_wconf 86' lang='lat' dir='ltr'>advocatum</span> <span class='ocrx_word' id='word_1_45' title='bbox 506 957 741 1022; x_wconf 88' lang='lat' dir='ltr'>humanissime</span> <span class='ocrx_word' id='word_1_46' title='bbox 756 972 833 1020; x_wconf 88' lang='lat' dir='ltr'>sunt</span> <span class='ocrx_word' id='word_1_47' title='bbox 844 956 992 1037; x_wconf 86' lang='lat' dir='ltr'>allocuti,</span> <span class='ocrx_word' id='word_1_48' title='bbox 1003 978 1136 1021; x_wconf 84' lang='lat' dir='ltr'>excttsa·</span> 
     </span>
     <span class='ocr_line' id='line_1_8' title="bbox 63 1057 1135 1146; baseline -0.002 -23"><span class='ocrx_word' id='word_1_49' title='bbox 63 1074 215 1146; x_wconf 86' lang='lat' dir='ltr'>runtque</span> <span class='ocrx_word' id='word_1_50' title='bbox 230 1057 413 1146; x_wconf 87' lang='lat' dir='ltr'>diligenter,</span> <span class='ocrx_word' id='word_1_51' title='bbox 428 1058 516 1146; x_wconf 78' lang='lat' dir='ltr'>quod</span> <span class='ocrx_word' id='word_1_52' title='bbox 526 1059 557 1120; x_wconf 84' lang='lat' dir='ltr'>ei</span> <span class='ocrx_word' id='word_1_53' title='bbox 565 1072 747 1145; x_wconf 81' lang='lat' dir='ltr'>quoestorem</span> <span class='ocrx_word' id='word_1_54' title='bbox 759 1081 823 1120; x_wconf 84' lang='lat' dir='ltr'>non</span> <span class='ocrx_word' id='word_1_55' title='bbox 837 1058 1135 1137; x_wconf 67' lang='lat' dir='ltr'>misitsentobvtbm,</span> 
     </span>
     <span class='ocr_line' id='line_1_9' title="bbox 63 1156 1137 1248; baseline 0 -26"><span class='ocrx_word' id='word_1_56' title='bbox 63 1182 169 1247; x_wconf 73' lang='lat' dir='ltr'>neque</span> <span class='ocrx_word' id='word_1_57' title='bbox 186 1156 351 1248; x_wconf 70' lang='lat' dir='ltr'>publicium</span> <span class='ocrx_word' id='word_1_58' title='bbox 371 1158 536 1247; x_wconf 80' lang='lat' dir='ltr'>dospt&#39;tium</span> <span class='ocrx_word' id='word_1_59' title='bbox 546 1158 824 1247; x_wconf 70' lang='lat' dir='ltr'>praebtqssent51il</span> <span class='ocrx_word' id='word_1_60' title='bbox 837 1161 918 1222; x_wconf 83' lang='lat' dir='ltr'>enim</span> <span class='ocrx_word' id='word_1_61' title='bbox 929 1182 993 1222; x_wconf 84' lang='lat' dir='ltr'>non</span> <span class='ocrx_word' id='word_1_62' title='bbox 1006 1182 1066 1223; x_wconf 84' lang='lat' dir='ltr'>sua</span> <span class='ocrx_word' id='word_1_63' title='bbox 1079 1182 1137 1222; x_wconf 76' lang='lat' dir='ltr'>nc·</span> 
     </span>
     <span class='ocr_line' id='line_1_10' title="bbox 61 1259 1138 1349; baseline 0.001 -27"><span class='ocrx_word' id='word_1_64' title='bbox 61 1260 240 1349; x_wconf 81' lang='lat' dir='ltr'>gligentt&#39;a,</span> <span class='ocrx_word' id='word_1_65' title='bbox 259 1260 317 1324; x_wconf 81' lang='lat' dir='ltr'>scd</span> <span class='ocrx_word' id='word_1_66' title='bbox 333 1261 427 1348; x_wconf 57' lang='lat' dir='ltr'>{osius</span> <span class='ocrx_word' id='word_1_67' title='bbox 443 1261 606 1347; x_wconf 70' lang='lat' dir='ltr'>tinprovtso</span> <span class='ocrx_word' id='word_1_68' title='bbox 621 1259 756 1324; x_wconf 78' lang='lat' dir='ltr'>adventu</span> <span class='ocrx_word' id='word_1_69' title='bbox 768 1261 962 1322; x_wconf 86' lang='lat' dir='ltr'>commissum</span> <span class='ocrx_word' id='word_1_70' title='bbox 975 1282 1038 1323; x_wconf 81' lang='lat' dir='ltr'>esse</span> <span class='ocrx_word' id='word_1_71' title='bbox 1048 1283 1061 1323; x_wconf 92' lang='grc'>.·</span> <span class='ocrx_word' id='word_1_72' title='bbox 1072 1281 1138 1323; x_wconf 85' lang='lat' dir='ltr'>coe·</span> 
     </span>
     <span class='ocr_line' id='line_1_11' title="bbox 62 1354 1135 1450; baseline 0.001 -26"><span class='ocrx_word' id='word_1_73' title='bbox 62 1376 170 1426; x_wconf 76' lang='lat' dir='ltr'>terum</span> <span class='ocrx_word' id='word_1_74' title='bbox 188 1384 282 1450; x_wconf 85' lang='lat' dir='ltr'>posse</span> <span class='ocrx_word' id='word_1_75' title='bbox 304 1360 396 1425; x_wconf 79' lang='lat' dir='ltr'>illam</span> <span class='ocrx_word' id='word_1_76' title='bbox 418 1375 542 1425; x_wconf 76' lang='lat' dir='ltr'>senatus</span> <span class='ocrx_word' id='word_1_77' title='bbox 565 1361 707 1424; x_wconf 74' lang='lat' dir='ltr'>ademtdi</span> <span class='ocrx_word' id='word_1_78' title='bbox 721 1361 804 1424; x_wconf 78' lang='lat' dir='ltr'>ditm</span> <span class='ocrx_word' id='word_1_79' title='bbox 823 1354 945 1449; x_wconf 74' lang='lat' dir='ltr'>petere,</span> <span class='ocrx_word' id='word_1_80' title='bbox 965 1375 997 1424; x_wconf 86' lang='lat' dir='ltr'>et</span> <span class='ocrx_word' id='word_1_81' title='bbox 1016 1362 1059 1424; x_wconf 83' lang='lat' dir='ltr'>ab</span> <span class='ocrx_word' id='word_1_82' title='bbox 1079 1384 1135 1442; x_wconf 83' lang='lat' dir='ltr'>cc,</span> 
     </span>
     <span class='ocr_line' id='line_1_12' title="bbox 62 1461 1137 1553; baseline 0 -27"><span class='ocrx_word' id='word_1_83' title='bbox 62 1462 228 1553; x_wconf 78' lang='lat' dir='ltr'>quidquid</span> <span class='ocrx_word' id='word_1_84' title='bbox 236 1465 346 1526; x_wconf 63' lang='lat' dir='ltr'>amabit</span> <span class='ocrx_word' id='word_1_85' title='bbox 358 1464 507 1551; x_wconf 78' lang='lat' dir='ltr'>sociisque</span> <span class='ocrx_word' id='word_1_86' title='bbox 519 1463 641 1549; x_wconf 81' lang='lat' dir='ltr'>regibus</span> <span class='ocrx_word' id='word_1_87' title='bbox 655 1461 752 1525; x_wconf 85' lang='lat' dir='ltr'>tribui</span> <span class='ocrx_word' id='word_1_88' title='bbox 763 1484 830 1549; x_wconf 84' lang='lat' dir='ltr'>par</span> <span class='ocrx_word' id='word_1_89' title='bbox 844 1476 935 1540; x_wconf 83' lang='lat' dir='ltr'>esset,</span> <span class='ocrx_word' id='word_1_90' title='bbox 949 1475 1137 1549; x_wconf 73' lang='lat' dir='ltr'>exspectare.</span> 
     </span>
     <span class='ocr_line' id='line_1_13' title="bbox 63 1561 1136 1651; baseline 0 -24"><span class='ocrx_word' id='word_1_91' title='bbox 63 1565 185 1628; x_wconf 87' lang='lat' dir='ltr'>Statim</span> <span class='ocrx_word' id='word_1_92' title='bbox 208 1562 326 1627; x_wconf 88' lang='lat' dir='ltr'>deinde</span> <span class='ocrx_word' id='word_1_93' title='bbox 351 1586 369 1626; x_wconf 92' lang='lat' dir='ltr'>e</span> <span class='ocrx_word' id='word_1_94' title='bbox 389 1564 479 1626; x_wconf 89' lang='lat' dir='ltr'>curia</span> <span class='ocrx_word' id='word_1_95' title='bbox 501 1562 661 1627; x_wconf 88' lang='lat' dir='ltr'>deductus</span> <span class='ocrx_word' id='word_1_96' title='bbox 677 1577 726 1625; x_wconf 87' lang='lat' dir='ltr'>est</span> <span class='ocrx_word' id='word_1_97' title='bbox 745 1562 779 1626; x_wconf 91' lang='lat' dir='ltr'>in</span> <span class='ocrx_word' id='word_1_98' title='bbox 796 1563 961 1651; x_wconf 88' lang='lat' dir='ltr'>publicam</span> <span class='ocrx_word' id='word_1_99' title='bbox 978 1561 1136 1627; x_wconf 82' lang='lat' dir='ltr'>domurn:</span> 
     </span>
     <span class='ocr_line' id='line_1_14' title="bbox 62 1662 1138 1753; baseline -0.004 -23"><span class='ocrx_word' id='word_1_100' title='bbox 62 1664 267 1753; x_wconf 87' lang='lat' dir='ltr'>decretaque</span> <span class='ocrx_word' id='word_1_101' title='bbox 289 1663 428 1753; x_wconf 89' lang='lat' dir='ltr'>pecunia</span> <span class='ocrx_word' id='word_1_102' title='bbox 451 1664 620 1751; x_wconf 70' lang='lat' dir='ltr'>questori,</span> <span class='ocrx_word' id='word_1_103' title='bbox 636 1686 676 1726; x_wconf 84' lang='lat' dir='ltr'>ex</span> <span class='ocrx_word' id='word_1_104' title='bbox 698 1684 762 1749; x_wconf 85' lang='lat' dir='ltr'>qua</span> <span class='ocrx_word' id='word_1_105' title='bbox 784 1664 814 1726; x_wconf 85' lang='lat' dir='ltr'>ci</span> <span class='ocrx_word' id='word_1_106' title='bbox 835 1662 980 1752; x_wconf 88' lang='lat' dir='ltr'>quotidie</span> <span class='ocrx_word' id='word_1_107' title='bbox 1002 1684 1138 1726; x_wconf 88' lang='lat' dir='ltr'>munera</span> 
     </span>
     <span class='ocr_line' id='line_1_15' title="bbox 63 1762 1138 1852; baseline -0.001 -22"><span class='ocrx_word' id='word_1_108' title='bbox 63 1766 225 1831; x_wconf 80' lang='lat' dir='ltr'>mitteret.</span> <span class='ocrx_word' id='word_1_109' title='bbox 248 1766 302 1828; x_wconf 86' lang='lat' dir='ltr'>Sic</span> <span class='ocrx_word' id='word_1_110' title='bbox 317 1780 444 1828; x_wconf 89' lang='lat' dir='ltr'>erectus</span> <span class='ocrx_word' id='word_1_111' title='bbox 465 1762 506 1828; x_wconf 90' lang='lat' dir='ltr'>ad</span> <span class='ocrx_word' id='word_1_112' title='bbox 521 1787 610 1852; x_wconf 89' lang='lat' dir='ltr'>spem</span> <span class='ocrx_word' id='word_1_113' title='bbox 626 1763 771 1851; x_wconf 83' lang='lat' dir='ltr'>pristinae</span> <span class='ocrx_word' id='word_1_114' title='bbox 788 1763 946 1846; x_wconf 73' lang='lat' dir='ltr'>fortunae,</span> <span class='ocrx_word' id='word_1_115' title='bbox 962 1787 1030 1828; x_wconf 94' lang='lat' dir='ltr'>non</span> <span class='ocrx_word' id='word_1_116' title='bbox 1046 1764 1138 1829; x_wconf 87' lang='lat' dir='ltr'>dete·</span> 
     </span>
     <span class='ocr_line' id='line_1_16' title="bbox 61 1864 1138 1932; baseline -0.003 1"><span class='ocrx_word' id='word_1_117' title='bbox 61 1869 192 1932; x_wconf 83' lang='lat' dir='ltr'>riorem</span> <span class='ocrx_word' id='word_1_118' title='bbox 205 1868 256 1931; x_wconf 80' lang='lat' dir='ltr'>his</span> <span class='ocrx_word' id='word_1_119' title='bbox 272 1867 371 1930; x_wconf 85' lang='lat' dir='ltr'>initiis</span> <span class='ocrx_word' id='word_1_120' title='bbox 387 1882 540 1929; x_wconf 86' lang='lat' dir='ltr'>eventum</span> <span class='ocrx_word' id='word_1_121' title='bbox 553 1865 684 1929; x_wconf 90' lang='lat' dir='ltr'>habuit:</span> <span class='ocrx_word' id='word_1_122' title='bbox 695 1864 784 1929; x_wconf 90' lang='lat' dir='ltr'>missi</span> <span class='ocrx_word' id='word_1_123' title='bbox 797 1866 884 1929; x_wconf 91' lang='lat' dir='ltr'>enim</span> <span class='ocrx_word' id='word_1_124' title='bbox 898 1865 1016 1930; x_wconf 89' lang='lat' dir='ltr'>deinde</span> <span class='ocrx_word' id='word_1_125' title='bbox 1028 1865 1070 1930; x_wconf 87' lang='lat' dir='ltr'>ab</span> <span class='ocrx_word' id='word_1_126' title='bbox 1084 1887 1138 1930; x_wconf 86' lang='lat' dir='ltr'>sc·</span> 
     </span>
     <span class='ocr_line' id='line_1_17' title="bbox 61 1965 1138 2058; baseline -0.003 -25"><span class='ocrx_word' id='word_1_127' title='bbox 61 1986 152 2033; x_wconf 88' lang='lat' dir='ltr'>natu</span> <span class='ocrx_word' id='word_1_128' title='bbox 163 1969 277 2058; x_wconf 87' lang='lat' dir='ltr'>legati,</span> <span class='ocrx_word' id='word_1_129' title='bbox 287 1965 493 2031; x_wconf 87' lang='lat' dir='ltr'>concordiam</span> <span class='ocrx_word' id='word_1_130' title='bbox 505 1967 591 2030; x_wconf 85' lang='lat' dir='ltr'>inter</span> <span class='ocrx_word' id='word_1_131' title='bbox 607 1968 738 2047; x_wconf 86' lang='lat' dir='ltr'>fratres,</span> <span class='ocrx_word' id='word_1_132' title='bbox 750 1981 783 2029; x_wconf 89' lang='lat' dir='ltr'>et</span> <span class='ocrx_word' id='word_1_133' title='bbox 794 1967 889 2054; x_wconf 89' lang='lat' dir='ltr'>pulso</span> <span class='ocrx_word' id='word_1_134' title='bbox 905 1965 1046 2031; x_wconf 84' lang='lat' dir='ltr'>reditum</span> <span class='ocrx_word' id='word_1_135' title='bbox 1062 1989 1138 2031; x_wconf 94' lang='lat' dir='ltr'>con·</span> 
     </span>
     <span class='ocr_line' id='line_1_18' title="bbox 61 2071 230 2135; baseline 0.012 -2"><span class='ocrx_word' id='word_1_136' title='bbox 61 2071 230 2135; x_wconf 84' lang='lat' dir='ltr'>fecerunt.</span> 
     </span>
    </p>

    <p class='ocr_par' dir='ltr' id='par_1_4' title="bbox 58 2167 1144 3874">
     <span class='ocr_line' id='line_1_19' title="bbox 113 2167 1137 2258; baseline -0.006 -22"><span class='ocrx_word' id='word_1_137' title='bbox 113 2172 236 2237; x_wconf 81' lang='lat' dir='ltr'><strong>XXIII.</strong></span> <span class='ocrx_word' id='word_1_138' title='bbox 245 2171 337 2235; x_wconf 89' lang='lat' dir='ltr'>Inter</span> <span class='ocrx_word' id='word_1_139' title='bbox 343 2170 414 2234; x_wconf 74' lang='lat' dir='ltr'>haec</span> <span class='ocrx_word' id='word_1_140' title='bbox 423 2185 600 2253; x_wconf 88' lang='lat' dir='ltr'>mortuum,</span> <span class='ocrx_word' id='word_1_141' title='bbox 606 2168 815 2258; x_wconf 78' lang='lat' dir='ltr'>Cappadociae</span> <span class='ocrx_word' id='word_1_142' title='bbox 821 2167 1137 2256; x_wconf 81' lang='lat' dir='ltr'>regem,Ariarathen</span> 
     </span>
     <span class='ocr_line' id='line_1_20' title="bbox 60 2266 1138 2364; baseline -0.009 -25"><span class='ocrx_word' id='word_1_143' title='bbox 60 2272 278 2364; x_wconf 75' lang='lat' dir='ltr'>cognominis</span> <span class='ocrx_word' id='word_1_144' title='bbox 292 2272 375 2360; x_wconf 89' lang='lat' dir='ltr'>patri</span> <span class='ocrx_word' id='word_1_145' title='bbox 389 2269 474 2334; x_wconf 86' lang='lat' dir='ltr'>filius</span> <span class='ocrx_word' id='word_1_146' title='bbox 489 2272 624 2358; x_wconf 82' lang='lat' dir='ltr'>excepit.</span> <span class='ocrx_word' id='word_1_147' title='bbox 638 2271 705 2353; x_wconf 92' lang='lat' dir='ltr'>Qui</span> <span class='ocrx_word' id='word_1_148' title='bbox 720 2271 829 2334; x_wconf 88' lang='lat' dir='ltr'>statim</span> <span class='ocrx_word' id='word_1_149' title='bbox 842 2269 928 2332; x_wconf 89' lang='lat' dir='ltr'>inter</span> <span class='ocrx_word' id='word_1_150' title='bbox 942 2268 1033 2331; x_wconf 89' lang='lat' dir='ltr'>initia</span> <span class='ocrx_word' id='word_1_151' title='bbox 1045 2266 1138 2356; x_wconf 90' lang='lat' dir='ltr'>regni</span> 
     </span>
     <span class='ocr_line' id='line_1_21' title="bbox 61 2369 1138 2463; baseline -0.006 -25"><span class='ocrx_word' id='word_1_152' title='bbox 61 2375 194 2463; x_wconf 84' lang='lat' dir='ltr'>legatos</span> <span class='ocrx_word' id='word_1_153' title='bbox 213 2372 245 2434; x_wconf 90' lang='lat' dir='ltr'>in</span> <span class='ocrx_word' id='word_1_154' title='bbox 263 2371 386 2435; x_wconf 89' lang='lat' dir='ltr'>Urbem</span> <span class='ocrx_word' id='word_1_155' title='bbox 408 2370 449 2434; x_wconf 92' lang='lat' dir='ltr'>ad</span> <span class='ocrx_word' id='word_1_156' title='bbox 464 2372 636 2435; x_wconf 86' lang='lat' dir='ltr'>amicitiam</span> <span class='ocrx_word' id='word_1_157' title='bbox 654 2393 729 2434; x_wconf 89' lang='lat' dir='ltr'>cum</span> <span class='ocrx_word' id='word_1_158' title='bbox 745 2369 867 2459; x_wconf 91' lang='lat' dir='ltr'>populo</span> <span class='ocrx_word' id='word_1_159' title='bbox 885 2390 1021 2432; x_wconf 87' lang='lat' dir='ltr'>romano</span> <span class='ocrx_word' id='word_1_160' title='bbox 1039 2391 1138 2435; x_wconf 88' lang='lat' dir='ltr'>reno·</span> 
     </span>
     <span class='ocr_line' id='line_1_22' title="bbox 61 2470 1138 2552; baseline -0.005 -15"><span class='ocrx_word' id='word_1_161' title='bbox 61 2471 212 2537; x_wconf 80' lang='lat' dir='ltr'>vantlam</span> <span class='ocrx_word' id='word_1_162' title='bbox 233 2471 339 2552; x_wconf 85' lang='lat' dir='ltr'>misit,</span> <span class='ocrx_word' id='word_1_163' title='bbox 357 2471 495 2535; x_wconf 80' lang='lat' dir='ltr'>maxima</span> <span class='ocrx_word' id='word_1_164' title='bbox 513 2495 589 2536; x_wconf 90' lang='lat' dir='ltr'>cum</span> <span class='ocrx_word' id='word_1_165' title='bbox 609 2471 885 2536; x_wconf 89' lang='lat' dir='ltr'>demonstratione</span> <span class='ocrx_word' id='word_1_166' title='bbox 905 2470 1138 2534; x_wconf 86' lang='lat' dir='ltr'>benevolentiae</span> 
     </span>
     <span class='ocr_line' id='line_1_23' title="bbox 61 2570 1138 2659; baseline -0.002 -22"><span class='ocrx_word' id='word_1_167' title='bbox 61 2571 348 2659; x_wconf 77' lang='lat' dir='ltr'>studiorumque:</span> <span class='ocrx_word' id='word_1_168' title='bbox 365 2595 472 2659; x_wconf 88' lang='lat' dir='ltr'>neque</span> <span class='ocrx_word' id='word_1_169' title='bbox 487 2570 566 2636; x_wconf 85' lang='lat' dir='ltr'>fides</span> <span class='ocrx_word' id='word_1_170' title='bbox 582 2573 719 2636; x_wconf 92' lang='lat' dir='ltr'>orationi</span> <span class='ocrx_word' id='word_1_171' title='bbox 733 2571 855 2652; x_wconf 87' lang='lat' dir='ltr'>defuit,</span> <span class='ocrx_word' id='word_1_172' title='bbox 870 2571 959 2659; x_wconf 92' lang='lat' dir='ltr'>quod</span> <span class='ocrx_word' id='word_1_173' title='bbox 973 2572 1024 2635; x_wconf 87' lang='lat' dir='ltr'>Ti.</span> <span class='ocrx_word' id='word_1_174' title='bbox 1038 2573 1138 2637; x_wconf 90' lang='lat' dir='ltr'>Grac-</span> 
     </span>
     <span class='ocr_line' id='line_1_24' title="bbox 63 2671 1138 2762; baseline -0.004 -23"><span class='ocrx_word' id='word_1_175' title='bbox 63 2675 175 2755; x_wconf 87' lang='lat' dir='ltr'>chus,</span> <span class='ocrx_word' id='word_1_176' title='bbox 190 2696 251 2762; x_wconf 86' lang='lat' dir='ltr'>quo</span> <span class='ocrx_word' id='word_1_177' title='bbox 270 2685 405 2761; x_wconf 82' lang='lat' dir='ltr'>tempore</span> <span class='ocrx_word' id='word_1_178' title='bbox 422 2671 608 2760; x_wconf 72' lang='lat' dir='ltr'>legationem</span> <span class='ocrx_word' id='word_1_179' title='bbox 629 2675 793 2736; x_wconf 81' lang='lat' dir='ltr'>ast&#39;att&#39;cam</span> <span class='ocrx_word' id='word_1_180' title='bbox 808 2672 948 2750; x_wconf 83' lang='lat' dir='ltr'>obiverit,</span> <span class='ocrx_word' id='word_1_181' title='bbox 967 2694 1063 2760; x_wconf 80' lang='lat' dir='ltr'>quum</span> <span class='ocrx_word' id='word_1_182' title='bbox 1078 2673 1138 2736; x_wconf 80' lang='lat' dir='ltr'>ltu·</span> 
     </span>
     <span class='ocr_line' id='line_1_25' title="bbox 58 2773 1139 2863; baseline -0.003 -23"><span class='ocrx_word' id='word_1_183' title='bbox 58 2776 140 2863; x_wconf 78' lang='lat' dir='ltr'>jus,</span> <span class='ocrx_word' id='word_1_184' title='bbox 160 2791 228 2840; x_wconf 80' lang='lat' dir='ltr'>tum</span> <span class='ocrx_word' id='word_1_185' title='bbox 246 2773 390 2861; x_wconf 79' lang='lat' dir='ltr'>defuncti</span> <span class='ocrx_word' id='word_1_186' title='bbox 403 2776 482 2860; x_wconf 81' lang='lat' dir='ltr'>regis</span> <span class='ocrx_word' id='word_1_187' title='bbox 499 2778 639 2838; x_wconf 79' lang='lat' dir='ltr'>antinum</span> <span class='ocrx_word' id='word_1_188' title='bbox 655 2773 780 2837; x_wconf 77' lang='lat' dir='ltr'>abunde</span> <span class='ocrx_word' id='word_1_189' title='bbox 801 2776 983 2861; x_wconf 63' lang='lat' dir='ltr'>inspexisse,</span> <span class='ocrx_word' id='word_1_190' title='bbox 1001 2774 1139 2837; x_wconf 88' lang='lat' dir='ltr'>testaba-</span> 
     </span>
     <span class='ocr_line' id='line_1_26' title="bbox 66 2874 1139 2963; baseline -0.003 -22"><span class='ocrx_word' id='word_1_191' title='bbox 66 2893 141 2942; x_wconf 83' lang='lat' dir='ltr'>tur.</span> <span class='ocrx_word' id='word_1_192' title='bbox 161 2874 336 2940; x_wconf 82' lang='lat' dir='ltr'>sedetiam</span> <span class='ocrx_word' id='word_1_193' title='bbox 352 2892 464 2963; x_wconf 87' lang='lat' dir='ltr'>postea</span> <span class='ocrx_word' id='word_1_194' title='bbox 480 2875 525 2938; x_wconf 88' lang='lat' dir='ltr'>M.</span> <span class='ocrx_word' id='word_1_195' title='bbox 544 2876 696 2957; x_wconf 90' lang='lat' dir='ltr'>lunium,</span> <span class='ocrx_word' id='word_1_196' title='bbox 710 2876 767 2962; x_wconf 92' lang='lat' dir='ltr'>qui</span> <span class='ocrx_word' id='word_1_197' title='bbox 782 2875 824 2939; x_wconf 89' lang='lat' dir='ltr'>ad</span> <span class='ocrx_word' id='word_1_198' title='bbox 842 2876 964 2939; x_wconf 89' lang='lat' dir='ltr'>bellum</span> <span class='ocrx_word' id='word_1_199' title='bbox 981 2876 1139 2940; x_wconf 84' lang='lat' dir='ltr'>intereos</span> 
     </span>
     <span class='ocr_line' id='line_1_27' title="bbox 67 2975 1140 3068; baseline -0.003 -25"><span class='ocrx_word' id='word_1_200' title='bbox 67 2999 168 3068; x_wconf 83' lang='lat' dir='ltr'>reges</span> <span class='ocrx_word' id='word_1_201' title='bbox 184 2992 217 3040; x_wconf 84' lang='lat' dir='ltr'>et</span> <span class='ocrx_word' id='word_1_202' title='bbox 230 2975 444 3065; x_wconf 86' lang='lat' dir='ltr'>Gallograecos</span> <span class='ocrx_word' id='word_1_203' title='bbox 457 2975 724 3065; x_wconf 88' lang='lat' dir='ltr'>componendum</span> <span class='ocrx_word' id='word_1_204' title='bbox 741 2992 888 3056; x_wconf 83' lang='lat' dir='ltr'>venerat,</span> <span class='ocrx_word' id='word_1_205' title='bbox 902 2975 1140 3063; x_wconf 85' lang='lat' dir='ltr'>perhonorifice</span> 
     </span>
     <span class='ocr_line' id='line_1_28' title="bbox 68 3075 1139 3165; baseline -0.003 -21"><span class='ocrx_word' id='word_1_206' title='bbox 68 3080 274 3158; x_wconf 82' lang='lat' dir='ltr'>lrabuerant3</span> <span class='ocrx_word' id='word_1_207' title='bbox 287 3100 395 3165; x_wconf 90' lang='lat' dir='ltr'>neque</span> <span class='ocrx_word' id='word_1_208' title='bbox 406 3076 588 3141; x_wconf 87' lang='lat' dir='ltr'>minoribus</span> <span class='ocrx_word' id='word_1_209' title='bbox 598 3075 712 3141; x_wconf 90' lang='lat' dir='ltr'>officiis</span> <span class='ocrx_word' id='word_1_210' title='bbox 722 3077 888 3140; x_wconf 87' lang='lat' dir='ltr'>coluerant</span> <span class='ocrx_word' id='word_1_211' title='bbox 899 3080 959 3143; x_wconf 88' lang='lat' dir='ltr'>Cn.</span> <span class='ocrx_word' id='word_1_212' title='bbox 970 3080 1139 3142; x_wconf 83' lang='lat' dir='ltr'>Octavium</span> 
     </span>
     <span class='ocr_line' id='line_1_29' title="bbox 69 3177 1141 3267; baseline -0.002 -23"><span class='ocrx_word' id='word_1_213' title='bbox 69 3197 107 3245; x_wconf 90' lang='lat' dir='ltr'>et</span> <span class='ocrx_word' id='word_1_214' title='bbox 123 3179 179 3267; x_wconf 87' lang='lat' dir='ltr'>Sp.</span> <span class='ocrx_word' id='word_1_215' title='bbox 189 3178 376 3242; x_wconf 88' lang='lat' dir='ltr'>Lucretium</span> <span class='ocrx_word' id='word_1_216' title='bbox 389 3195 465 3266; x_wconf 90' lang='lat' dir='ltr'>post</span> <span class='ocrx_word' id='word_1_217' title='bbox 478 3178 575 3265; x_wconf 89' lang='lat' dir='ltr'>paulo</span> <span class='ocrx_word' id='word_1_218' title='bbox 591 3177 632 3241; x_wconf 89' lang='lat' dir='ltr'>ab</span> <span class='ocrx_word' id='word_1_219' title='bbox 641 3177 729 3240; x_wconf 85' lang='lat' dir='ltr'>Urbe</span> <span class='ocrx_word' id='word_1_220' title='bbox 747 3178 881 3242; x_wconf 89' lang='lat' dir='ltr'>missos:</span> <span class='ocrx_word' id='word_1_221' title='bbox 895 3201 970 3242; x_wconf 88' lang='lat' dir='ltr'>nam</span> <span class='ocrx_word' id='word_1_222' title='bbox 987 3195 1018 3242; x_wconf 91' lang='lat' dir='ltr'>et</span> <span class='ocrx_word' id='word_1_223' title='bbox 1030 3197 1141 3243; x_wconf 86' lang='lat' dir='ltr'>caetera</span> 
     </span>
     <span class='ocr_line' id='line_1_30' title="bbox 69 3280 1139 3369; baseline -0.003 -22"><span class='ocrx_word' id='word_1_224' title='bbox 69 3281 187 3347; x_wconf 90' lang='lat' dir='ltr'>omnia</span> <span class='ocrx_word' id='word_1_225' title='bbox 195 3294 345 3368; x_wconf 88' lang='lat' dir='ltr'>prompte</span> <span class='ocrx_word' id='word_1_226' title='bbox 358 3281 554 3369; x_wconf 88' lang='lat' dir='ltr'>copioseque</span> <span class='ocrx_word' id='word_1_227' title='bbox 565 3280 794 3367; x_wconf 71' lang='lat' dir='ltr'>praestiterant,</span> <span class='ocrx_word' id='word_1_228' title='bbox 809 3296 841 3343; x_wconf 88' lang='lat' dir='ltr'>et</span> <span class='ocrx_word' id='word_1_229' title='bbox 853 3303 956 3366; x_wconf 90' lang='lat' dir='ltr'>quum</span> <span class='ocrx_word' id='word_1_230' title='bbox 971 3281 1005 3343; x_wconf 90' lang='lat' dir='ltr'>in</span> <span class='ocrx_word' id='word_1_231' title='bbox 1016 3282 1139 3369; x_wconf 85' lang='lat' dir='ltr'>Syriam</span> 
     </span>
     <span class='ocr_line' id='line_1_31' title="bbox 71 3381 1142 3469; baseline -0.001 -22"><span class='ocrx_word' id='word_1_232' title='bbox 71 3384 181 3447; x_wconf 87' lang='lat' dir='ltr'>ituros</span> <span class='ocrx_word' id='word_1_233' title='bbox 193 3381 442 3468; x_wconf 88' lang='lat' dir='ltr'>comperissent,</span> <span class='ocrx_word' id='word_1_234' title='bbox 453 3402 525 3444; x_wconf 90' lang='lat' dir='ltr'>suas</span> <span class='ocrx_word' id='word_1_235' title='bbox 536 3381 692 3469; x_wconf 83' lang='lat' dir='ltr'>regnique</span> <span class='ocrx_word' id='word_1_236' title='bbox 702 3381 785 3444; x_wconf 85' lang='lat' dir='ltr'>vires</span> <span class='ocrx_word' id='word_1_237' title='bbox 797 3382 995 3464; x_wconf 85' lang='lat' dir='ltr'>obtulerant,</span> <span class='ocrx_word' id='word_1_238' title='bbox 1008 3382 1035 3445; x_wconf 93' lang='lat' dir='ltr'>si</span> <span class='ocrx_word' id='word_1_239' title='bbox 1049 3383 1086 3446; x_wconf 89' lang='lat' dir='ltr'>iis</span> <span class='ocrx_word' id='word_1_240' title='bbox 1100 3382 1142 3446; x_wconf 86' lang='lat' dir='ltr'>ad</span> 
     </span>
     <span class='ocr_line' id='line_1_32' title="bbox 69 3480 1143 3571; baseline -0.004 -21"><span class='ocrx_word' id='word_1_241' title='bbox 69 3505 128 3550; x_wconf 71' lang='lat' dir='ltr'>res</span> <span class='ocrx_word' id='word_1_242' title='bbox 148 3482 247 3571; x_wconf 77' lang='lat' dir='ltr'>Syriae</span> <span class='ocrx_word' id='word_1_243' title='bbox 266 3480 508 3545; x_wconf 84' lang='lat' dir='ltr'>constituendas</span> <span class='ocrx_word' id='word_1_244' title='bbox 525 3483 708 3570; x_wconf 84' lang='lat' dir='ltr'>eguissent:</span> <span class='ocrx_word' id='word_1_245' title='bbox 724 3482 885 3570; x_wconf 86' lang='lat' dir='ltr'>pertinere</span> <span class='ocrx_word' id='word_1_246' title='bbox 902 3482 990 3545; x_wconf 90' lang='lat' dir='ltr'>enim</span> <span class='ocrx_word' id='word_1_247' title='bbox 1006 3506 1143 3571; x_wconf 86' lang='lat' dir='ltr'>magno·</span> 
     </span>
     <span class='ocr_line' id='line_1_33' title="bbox 70 3582 1144 3675; baseline -0.001 -28"><span class='ocrx_word' id='word_1_248' title='bbox 70 3606 154 3675; x_wconf 82' lang='lat' dir='ltr'>pere</span> <span class='ocrx_word' id='word_1_249' title='bbox 169 3582 210 3647; x_wconf 88' lang='lat' dir='ltr'>ad</span> <span class='ocrx_word' id='word_1_250' title='bbox 227 3604 261 3647; x_wconf 83' lang='lat' dir='ltr'>se</span> <span class='ocrx_word' id='word_1_251' title='bbox 279 3583 408 3672; x_wconf 86' lang='lat' dir='ltr'>negotia</span> <span class='ocrx_word' id='word_1_252' title='bbox 430 3583 527 3670; x_wconf 86' lang='lat' dir='ltr'>Syriae</span> <span class='ocrx_word' id='word_1_253' title='bbox 548 3582 752 3664; x_wconf 81' lang='lat' dir='ltr'>judicabant3</span> <span class='ocrx_word' id='word_1_254' title='bbox 773 3606 841 3647; x_wconf 92' lang='lat' dir='ltr'>non</span> <span class='ocrx_word' id='word_1_255' title='bbox 859 3584 959 3672; x_wconf 88' lang='lat' dir='ltr'>magis</span> <span class='ocrx_word' id='word_1_256' title='bbox 978 3584 1022 3648; x_wconf 92' lang='lat' dir='ltr'>ob</span> <span class='ocrx_word' id='word_1_257' title='bbox 1044 3600 1144 3647; x_wconf 90' lang='lat' dir='ltr'>terra·</span> 
     </span>
     <span class='ocr_line' id='line_1_34' title="bbox 70 3684 1143 3772; baseline -0.002 -22"><span class='ocrx_word' id='word_1_258' title='bbox 70 3707 170 3765; x_wconf 90' lang='lat' dir='ltr'>rum,</span> <span class='ocrx_word' id='word_1_259' title='bbox 183 3706 280 3772; x_wconf 85' lang='lat' dir='ltr'>quam</span> <span class='ocrx_word' id='word_1_260' title='bbox 296 3684 341 3747; x_wconf 93' lang='lat' dir='ltr'>ob</span> <span class='ocrx_word' id='word_1_261' title='bbox 354 3684 519 3772; x_wconf 82' lang='lat' dir='ltr'>sanguinis</span> <span class='ocrx_word' id='word_1_262' title='bbox 536 3684 819 3764; x_wconf 88' lang='lat' dir='ltr'>conjunctionem,</span> <span class='ocrx_word' id='word_1_263' title='bbox 834 3685 909 3772; x_wconf 90' lang='lat' dir='ltr'>quia</span> <span class='ocrx_word' id='word_1_264' title='bbox 928 3686 1036 3748; x_wconf 90' lang='lat' dir='ltr'>scnior</span> <span class='ocrx_word' id='word_1_265' title='bbox 1052 3685 1143 3749; x_wconf 80' lang='lat' dir='ltr'>Aria-</span> 
     </span>
     <span class='ocr_line' id='line_1_35' title="bbox 71 3784 1144 3874; baseline -0.005 -22"><span class='ocrx_word' id='word_1_266' title='bbox 71 3787 186 3852; x_wconf 78' lang='lat' dir='ltr'>rathct</span> <span class='ocrx_word' id='word_1_267' title='bbox 200 3784 302 3848; x_wconf 84' lang='lat' dir='ltr'>filium</span> <span class='ocrx_word' id='word_1_268' title='bbox 315 3785 413 3849; x_wconf 88' lang='lat' dir='ltr'>istum</span> <span class='ocrx_word' id='word_1_269' title='bbox 431 3797 469 3848; x_wconf 85' lang='lat' dir='ltr'>cx</span> <span class='ocrx_word' id='word_1_270' title='bbox 481 3784 672 3850; x_wconf 81' lang='lat' dir='ltr'>Antiochide</span> <span class='ocrx_word' id='word_1_271' title='bbox 689 3801 887 3874; x_wconf 87' lang='lat' dir='ltr'>susceperat,</span> <span class='ocrx_word' id='word_1_272' title='bbox 903 3786 1013 3874; x_wconf 88' lang='lat' dir='ltr'>Magni</span> <span class='ocrx_word' id='word_1_273' title='bbox 1028 3787 1144 3849; x_wconf 84' lang='lat' dir='ltr'>Antio·</span> 
     </span>
    </p>
   </div>
   <div class='ocr_carea' id='block_1_3' title="bbox 70 3994 1144 4144">
    <p class='ocr_par' dir='ltr' id='par_1_5' title="bbox 70 3994 1144 4144">
     <span class='ocr_line' id='line_1_36' title="bbox 110 3994 1144 4062; baseline -0.009 -17"><span class='ocrx_word' id='word_1_274' title='bbox 110 3994 129 4062; x_wconf 66' lang='lat' dir='ltr'><em>s</em></span> <span class='ocrx_word' id='word_1_275' title='bbox 141 3998 212 4045; x_wconf 79' lang='lat' dir='ltr'>m.</span> <span class='ocrx_word' id='word_1_276' title='bbox 226 3996 278 4045; x_wconf 84' lang='lat' dir='ltr'>Lir.</span> <span class='ocrx_word' id='word_1_277' title='bbox 288 3997 354 4060; x_wconf 84' lang='lat' dir='ltr'>Epit.</span> <span class='ocrx_word' id='word_1_278' title='bbox 366 3998 454 4044; x_wconf 75' lang='lat' dir='ltr'>xtvt.</span> <span class='ocrx_word' id='word_1_279' title='bbox 468 4023 501 4033; x_wconf 93' lang='lat'>-</span> <span class='ocrx_word' id='word_1_280' title='bbox 510 3997 587 4060; x_wconf 89' lang='lat' dir='ltr'>Trogi</span> <span class='ocrx_word' id='word_1_281' title='bbox 600 3998 687 4060; x_wconf 85' lang='lat' dir='ltr'>Pomp.</span> <span class='ocrx_word' id='word_1_282' title='bbox 699 3996 795 4060; x_wconf 85' lang='lat' dir='ltr'>prolog.</span> <span class='ocrx_word' id='word_1_283' title='bbox 808 3996 849 4049; x_wconf 70' lang='grc'>34,</span> <span class='ocrx_word' id='word_1_284' title='bbox 859 3994 955 4041; x_wconf 78' lang='lat' dir='ltr'>-Vat</span> <span class='ocrx_word' id='word_1_285' title='bbox 966 3994 1066 4047; x_wconf 83' lang='lat' dir='ltr'>Max.V,</span> <span class='ocrx_word' id='word_1_286' title='bbox 1080 4007 1102 4048; x_wconf 89' lang='lat' dir='ltr'>r,</span> <span class='ocrx_word' id='word_1_287' title='bbox 1117 4006 1144 4037; x_wconf 80' lang='lat' dir='ltr'>a.</span> 
     </span>
     <span class='ocr_line' id='line_1_37' title="bbox 70 4078 401 4144; baseline -0.009 -15"><span class='ocrx_word' id='word_1_288' title='bbox 70 4108 112 4120; x_wconf 89' lang='lat'>-·</span> <span class='ocrx_word' id='word_1_289' title='bbox 126 4080 231 4129; x_wconf 84' lang='lat' dir='ltr'>Diodor.</span> <span class='ocrx_word' id='word_1_290' title='bbox 242 4079 308 4144; x_wconf 83' lang='lat' dir='ltr'>apud</span> <span class='ocrx_word' id='word_1_291' title='bbox 319 4078 401 4126; x_wconf 79' lang='lat' dir='ltr'>Valet.</span> 
     </span>
    </p>
   </div>
   <div class='ocr_carea' id='block_1_4' title="bbox 0 0 1332 4830">
    <p class='ocr_par' dir='ltr' id='par_1_6' title="bbox 0 0 1332 4830">
     <span class='ocr_line' id='line_1_38' title="bbox 0 0 1332 4830; baseline 0 0"><span class='ocrx_word' id='word_1_292' title='bbox 0 0 1332 4830; x_wconf 95' lang='lat' dir='ltr'> </span> 
     </span>
    </p>
   </div>
  </div>
 </body>
</html>
