2654 4830
210 304 256 377 38
386 308 453 376 lO.
480 308 822 375 FREINSHEMII
851 306 1096 375 SUPPLEM.

209 449 248 491 ex
265 425 480 515 legationibus
496 426 529 488 in
545 442 694 489 senatum
710 426 904 490 introductis
924 442 1095 512 praetorem
1113 425 1271 491 urbanum
1316 416 1319 487 l

207 527 323 608 fuisse,
340 527 560 591 indubitatum
576 543 643 591 est:
659 550 732 590 nam
750 544 783 590 et
800 528 852 591 ille
865 550 971 591 annus
990 526 1131 590 celebres
1149 528 1273 592 Graeco·

206 651 283 695 rum
302 631 478 717 legationes
497 629 621 692 babuit.
640 627 854 693 Athenienses
880 630 1021 693 delectos
1040 628 1224 691 studiorum
1245 646 1274 693 et

207 730 423 820 philosophiae
446 731 529 794 fama
552 731 750 794 Carneadem
775 731 1014 811 academicum,
1042 747 1074 794 et
1097 732 1273 820 Diogenem

208 833 366 913 stoicum,
379 850 411 895 et
430 832 609 897 Critolaum
625 834 871 920 peripateticum
890 834 1022 912 misere;
1042 832 1098 918 qui
1115 832 1273 912 judicium

208 933 350 997 rescindi
375 933 592 1021 postularent,
617 957 701 1021 quo,
717 933 759 997 ad
781 935 935 997 mulctam
955 934 1091 1021 Oropiisv
1103 931 1273 1008 luendam,

206 1034 326 1098 talenta
342 1035 519 1124 quingenta
531 1051 624 1099 erant
637 1034 862 1113 condemnati3
875 1058 1015 1122 namque
1027 1036 1171 1122 populus
1185 1036 1274 1098 atbe-

206 1135 329 1200 niensis
349 1138 537 1201 necessitate
559 1137 685 1227 potius,
709 1152 747 1199 ut
770 1137 929 1217 creditur,
953 1136 1158 1216 stimulante,
1179 1158 1274 1223 quam

208 1237 359 1318 avaritia,
373 1238 493 1301 sociam
512 1256 610 1325 atque
629 1237 815 1302 foederatam
833 1237 948 1301 urbem
964 1238 1114 1323 Oropum
1131 1235 1274 1323 diripue-

207 1354 267 1402 rat.
288 1339 420 1428 Oropii‚
438 1339 526 1429 apud
544 1355 693 1403 senatum
711 1341 816 1427 questi
830 1388 839 1419 ,
853 1339 1088 1418 obtinuerunt,
1109 1349 1145 1400 ut
1160 1338 1276 1400 de‘suit

207 1439 329 1527 iry'ttriti
340 1440 480 1526 Sicyonii
488 1463 671 1527 cognoscere
682 1441 862 1514 juberemur
868 1488 877 1520 ,
892 1455 922 1503 et
931 1443 1045 1528 qtusnti
1055 1463 1107 1502 eos
1111 1437 1275 1526 stetissent,

208 1539 271 1602 illis
297 1545 380 1604 tanti
408 1543 646 1607 Atheniensibus
673 1542 710 1606 tis
740 1546 953 1606 estimaretur.
982 1542 1124 1629 Sicyonii
1151 1540 1276 1604 talentis

209 1641 395 1730 quingentis
411 1643 620 1707 estimarunt.

255 1743 359 1806 XXV.
370 1743 481 1832 Sparsa
494 1767 552 1831 per
563 1745 685 1808 Urbem
697 1747 781 1808 lama
791 1794 800 1817 ,
811 1745 897 1807 viros
913 1744 1068 1831 sapientia
1079 1757 1112 1805 et
1125 1743 1279 1830 eloquen-

211 1840 254 1903 tia
273 1841 539 1909 celebratissimos
553 1847 697 1925 venisse,
714 1847 821 1910 statim
840 1845 987 1909 accendit
1001 1845 1228 1926 juventutem,
1243 1860 1279 1907 ut

209 1939 251 2004 ad
264 1942 414 2007 visendos
423 1945 668 2034 audiendosque
679 1962 925 2026 concurrerent3
935 1943 1278 2033 praeeipuaCarneadis

211 2040 440 2126 admiratione,
452 2047 543 2125 cujus
554 2047 593 2111 ad
606 2047 866 2134 persuadendum
878 2046 1037 2135 quidlibet
1047 2044 1280 2109 incredibiliter

212 2160 285 2231 apta
302 2162 369 2210 erat
384 2147 498 2211 oratio.
519 2150 551 2211 Is
565 2150 653 2212 enim
669 2150 807 2214 violenta
821 2165 853 2212 et
867 2146 976 2236 rapida
992 2146 1136 2224 dicebat,
1152 2145 1236 2208 scita
1250 2160 1281 2208 et

211 2247 324 2312 teretia
334 2249 512 2331 Critolaus,
523 2249 669 2314 modesta
680 2253 840 2340 Diogenes
853 2265 885 2314 ct
899 2249 1022 2330 sobria3
1033 2264 1190 2334 tanquam
1208 2269 1280 2311 om·

211 2348 265 2410 nia
276 2350 434 2414 facundiae
449 2373 582 2439 genera,
597 2352 729 2417 diversis
741 2353 873 2432 formis,
888 2351 956 2439 pari
973 2350 1168 2413 excellentia
1186 2347 1282 2412 laude

210 2452 379 2537 complexi.
404 2452 533 2533 Quibus
556 2454 653 2517 rebus
673 2470 800 2517 tantum
823 2451 1043 2516 aestimationis
1061 2465 1281 2537 pepererunt,

210 2568 248 2615 ut
264 2554 299 2616 C.
316 2554 435 2617 Acilius
452 2572 582 2617 senator
598 2579 657 2643 pro
675 2579 793 2643 magno
813 2576 948 2617 munere
965 2552 1113 2640 petierit,
1129 2551 1285 2614 mandari

210 2652 271 2714 sibi
286 2651 334 2714 ad
350 2656 505 2717 orationes
529 2654 654 2719 illorum
678 2657 880 2745 errponendas
896 2656 1066 2742 interpretas
1082 2655 1177 2715 vices.
1207 2654 1282 2717 Haec

213 2753 365 2840 equidem
381 2757 500 2819 caeteris
523 2756 654 2819 Patrum
674 2779 741 2820 non
758 2779 840 2843 tegre
855 2755 1034 2818 serentibus
1049 2750 1175 2840 (neque
1193 2754 1283 2816 enirn

212 2854 388 2919 absurdum
400 2857 580 2938 videbattu,
592 2880 725 2920 romana
739 2858 867 2946 ingenia
880 2857 976 2919 etiam
990 2854 1174 2918 studiorum
1189 2854 1281 2917 cultu

125 3008 129 3019 .
210 2957 456 3045 nitescere),M.
474 2960 552 3023 Cato
562 2959 729 3022 severitate
740 2958 833 3022 solita
849 2957 1281 3037 stomachabatur,veritus,

212 3081 255 3123 ne
272 3075 397 3148 gustata
410 3060 526 3124 harum
544 3061 662 3123 artium
681 3058 867 3139 dulcedine,
883 3057 1030 3122 studium
1047 3078 1215 3120 armorum
1229 3078 1283 3120 ro·

209 3183 305 3224 suana
326 3160 479 3239 juventus
501 3162 670 3225 amitteret.
696 3161 798 3248 lgitur
816 3182 917 3246 quum
940 3158 1081 3247 primum
1105 3156 1139 3219 in
1163 3172 1281 3220 senatu

211 3260 309 3324 verba
325 3262 495 3342 fecissent,
512 3284 625 3325 omnes
641 3261 854 3349 philosophos
871 3283 928 3349 per
946 3261 1115 3324 honestam
1136 3258 1281 3346 aliquam

211 3386 340 3427 causam
358 3386 397 3427 ex
412 3364 501 3428 Urbe
518 3363 714 3452 ablegandos
730 3365 873 3444 censuit;
885 3381 983 3450 atque
999 3363 1061 3425 alio
1080 3378 1229 3447 tempore
1246 3361 1283 3425 in

211 3482 360 3528 senatum
385 3467 562 3555 ingressus,
579 3465 761 3554 objurgavit
782 3464 1005 3553 magistratus,
1026 3461 1114 3550 quod
1137 3459 1284 3523 homines

206 3568 424 3655 persuadendi
441 3568 586 3657 quaelibet
604 3564 740 3653 artffiees
757 3582 825 3631 tam
841 3567 897 3635 dtit
909 3588 973 3628 raon
991 3561 1206 3626 absolverent:
1218 3584 1283 3649 quo

212 3670 262 3733 ud
285 3669 445 3734 Graeculos
467 3693 537 3733 suos
559 3672 702 3757 regressi,
721 3692 887 3732 romanam
907 3667 1037 3754 pubem,
1064 3663 1159 3728 nullis
1178 3686 1282 3752 argu-

214 3773 382 3836 tationibus
401 3784 597 3860 corruptam,
621 3771 668 3833 nd
684 3771 838 3860 majorum
861 3766 1025 3856 exemplar
1043 3765 1162 3853 legibus
1185 3779 1284 3853 atque

245 3983 261 4048 S
277 3985 374 4032 xm.
390 3983 471 4046 Pigbii
483 3988 548 4032 Auo.
559 4011 594 4020 —
608 3985 704 4031 Manui.
715 3981 746 4029 de
758 3983 814 4044 Leg.
827 3978 943 4027 romanis.
957 4005 991 4015 —
1004 3980 1036 4025 A.
1047 3977 1109 4025 Gell.
1118 3978 1183 4036 vlt,
1198 3986 1284 4032 rt.-

212 4069 305 4118 Petavii
319 4069 421 4116 Ration.
434 4085 461 4131 p.
473 4071 529 4115 128.
540 4067 632 4116 -Cie
646 4068 713 4114 Orat.
728 4068 765 4125 11,
778 4067 819 4125 37.
829 4091 864 4102 --
875 4063 1005 4112 Euseb—
1015 4065 1117 4110 Pausan.
1127 4060 1232 4110 Achaia.
