2654 4830
226 566 517 657 sossius
552 564 1037 687 nnnlnsflasm
1146 684 1148 689 .
1239 510 1241 515 ’

142 823 1118 963 SUPPLEMENTORUM

312 1126 938 1289 altmannum

476 1408 655 1487 LIBER
688 1408 775 1487 XII

260 1638 305 1694 IN
330 1639 484 1698 LOCUM
508 1638 632 1695 LIBRI
655 1637 781 1694 XLVII
806 1637 996 1695 LlVIANI.

430 1829 822 1863 404—-

505 2002 749 2072 ΕΡΙΤΟΜΕ

246 2165 379 2223 unas
407 2164 781 2236 Quanaannsssss
808 2163 1013 2221 sanitati.

121 2310 154 2362 cn·
160 2310 291 2371 Tremellio
303 2316 412 2370 tribuno
425 2316 509 2388 plebis
521 2321 620 2370 mulcta
632 2316 704 2370 dicta
717 2328 770 2380 eat,
781 2315 855 2390 quod
868 2336 929 2370 cnm
942 2317 981 2372 M.
990 2317 1097 2370 AEmilio
1110 2317 1161 2372 Le·

143 2397 193 2467 pido
208 2402 335 2474 pontifice
355 2402 471 2457 martimo
494 2400 620 2475 injuriose
638 2400 835 2456 contenderat:
855 2420 1061 2474 sacrorumque,
1077 2418 1161 2473 quam

142 2485 347 2556 magistratuum,
362 2488 408 2558 jus
425 2486 561 2559 potentius
583 2485 643 2540 fuit.
660 2488 715 2539 Lex
733 2485 768 2540 de
789 2488 890 2541 ambitu
906 2486 970 2540 lata.
997 2488 1124 2540 Lustrum
1142 2505 1160 2540 a

142 2571 279 2624 amahus
295 2569 433 2623 eonditum
452 2581 514 2625 est:
536 2588 616 2623 censa
634 2582 695 2624 sunt
714 2570 811 2623 civium
826 2572 914 2642 capita
932 2581 1049 2622 trecenta
1067 2568 1160 2641 viginti

141 2663 188 2705 acto
200 2653 300 2717 millia,
317 2664 433 2706 trecenta
446 2653 658 2726 quatuordecim.
674 2654 798 2727 Princeps
815 2666 921 2707 senatus
939 2654 1022 2706 lectus
1036 2653 1160 2706 AEmilius

140 2729 251 2808 Lepidus.
269 2739 341 2789 Inter
358 2736 512 2789 Ptolemaeus
527 2739 639 2800 fratres,
656 2739 702 2809 qui
719 2736 900 2801 dissidebant,
917 2735 1001 2790 Ioedus
1020 2736 1117 2800 ictum,
1130 2749 1161 2790 ut

141 2815 193 2873 *lter
207 2822 235 2873 in
247 2822 379 2893 AEgypto,
393 2819 459 2873 alter
472 2821 582 2892 Cyrenis
594 2834 727 2892 regnaret.
741 2820 892 2874 Ariarathes
906 2818 1082 2893 Cappadocia
1094 2840 1160 2886 rex,

89 2966 91 2971 ,
141 2905 237 2959 amsilio
245 2905 388 2967 Demetrii,
397 2905 466 2976 regis
478 2904 574 2975 Syriae,
586 2916 613 2957 et
625 2905 725 2956 viribus
738 2904 828 2974 pulsus
841 2922 941 2975 regno,
953 2922 969 2956 a
982 2915 1075 2957 senatu
1085 2904 1161 2956 resti·

140 2994 200 3042 tans
208 3003 259 3044 est.
272 2989 348 3042 Missi
359 3008 375 3042 a
388 3000 498 3050 senatu,
518 2989 564 3058 qui
578 2988 646 3040 iuter
663 2987 830 3041 Masinissam
843 3000 869 3041 et
882 2985 1161 3058 carthaginienses&

142 3085 192 3141 agiu
202 3072 363 3146 judicarent.
376 3073 408 3125 C.
416 3070 533 3126 Marcius
543 3071 637 3124 consul
650 3071 776 3125 adversus
785 3072 919 3127 Dalmatas
929 3091 1025 3146 parum
1034 3090 1160 3144 prospere

143 3157 257 3222 primum,
271 3169 362 3228 postea
373 3158 482 3211 feliciter
493 3156 636 3229 pugnavit3
647 3175 708 3209 cum
721 3157 817 3228 quibus
827 3158 898 3212 bello
909 3155 1069 3229 confligendi
1078 3174 1159 3209 causa

144 3233 197 3303 luit,
209 3240 283 3314 quod
299 3241 423 3315 Illyrios,
442 3240 532 3312 populi
548 3241 652 3295 romani
670 3241 769 3306 socios,
781 3253 949 3296 vastaverant
958 3261 966 3306 ;
984 3240 1159 3312 eamdemque

146 3335 232 3389 gentem
245 3326 384 3379 Cornelius
397 3325 494 3378 Nasica
505 3324 599 3378 consul
612 3323 725 3378 domuit.
745 3327 779 3391 Q.
798 3327 920 3398 Opimius
938 3324 1032 3380 consul
1047 3323 1160 3378 transal-

147 3402 341 3479 mastigam,
352 3409 398 3479 qui
409 3409 612 3463 Massiliensium
620 3409 733 3481 oppidu,
742 3411 886 3482 Antipolim
895 3423 921 3464 et
930 3411 1063 3474 Nicasam,
1075 3419 1160 3461 vasta-

149 3483 209 3553 bat,
217 3492 328 3564 subegit.
341 3493 468 3547 Praeterea
479 3495 560 3547 resin
569 3494 696 3566 Hispania
707 3512 723 3546 a
734 3495 917 3567 conpluribus
929 3513 1024 3566 parum
1034 3511 1160 3566 prospere

149 3582 215 3635 gestas
230 3576 356 3628 continet.
371 3577 499 3631 Consules
512 3595 583 3631 anno
598 3578 809 3651 quingentesimo
826 3579 999 3652 nonagesimo
1015 3590 1108 3631 octavo
1125 3579 1161 3632 ab

151 3648 205 3710 Urbe
215 3659 319 3713 condita
332 3661 527 3732 magistratum,
539 3664 650 3734 peractis
661 3663 788 3729 comitiis,
799 3663 1014 3735 insequentisque
1024 3661 1087 3717 anni
1098 3680 1161 3714 eon-

151 3735 229 3798 ⁸¹¹libus
250 3744 361 3808 creatis,
379 3745 445 3799 inire
467 3758 610 3818 caeperunt.
630 3744 753 3800 Mutandi
775 3748 881 3800 comitia
904 3766 984 3801 causa
1004 3745 1072 3809 suit,
1086 3743 1158 3818 quud

151 3810 239 3892 flium
258 3828 432 3883 rebellabant.
453 3832 561 3903 Legati,
581 3828 616 3891 ad
635 3831 837 3907 disceptandum
858 3832 929 3885 inter
947 3830 1115 3883 Masinissam
1131 3841 1159 3882 et

151 3898 360 3983 Carthaginienses
376 3915 466 3978 missi,
484 3916 723 3980 renuntiaverunt,
741 3917 794 3969 vim
811 3916 911 3970 navalis
925 3915 1040 3969 materias
1054 3934 1081 3968 se
1096 3915 1159 3967 Cas·-

152 3979 237 4059 ‘l‘Klfle
246 3995 459 4069 deprehendisse.
472 4001 579 4074 Aliquot
587 4014 727 4075 pretores,
742 4002 916 4074 uprnsiuciis
925 4001 1041 4056 avaritias
1051 3998 1159 4052 narnias

151 4079 258 4145 muti,
267 4080 387 4137 damnati
397 4096 467 4138 sunt.
