2654 4830
117 323 163 393 56
268 324 371 394 Ι30(
391 324 732 396 FREINSHEMII
762 332 1008 405 SUPPLEM.

114 445 227 509 sitanis
239 446 392 531 nationis)
407 446 439 507 in
453 445 587 509 hiberna
601 446 735 513 abduxit
748 451 934 518 exercitum.
945 457 1034 521 Tum
1048 482 1128 527 vero
1138 487 1186 530 su.

117 548 183 611 bita
197 547 381 611 delectione.
394 549 542 609 omnium
560 548 601 612 de
613 550 739 638 integro
754 553 885 618 nobatae
899 578 972 639 res,
987 576 1021 624 et
1037 565 1181 649 quaedum

116 650 252 713 urbium
268 671 344 713 cum
363 649 517 711 Romanis
536 650 744 714 sentientium
761 653 989 723 circumsesso.

160 752 233 815 l'll.
252 752 340 814 Dum
358 750 391 811 in
409 771 449 812 eo
466 765 551 812 statu
568 750 770 838 lrispaniense
787 753 907 820 bellum
920 774 985 840 est,
1001 761 1117 829 Romae
1131 789 1177 832 se·

117 871 213 917 natus
226 850 396 940 Astymedi
410 850 507 914 datur
519 851 719 916 Rhodiorum
738 853 859 941 legato,
877 880 975 944 quem
992 866 1174 947 prateomu

113 956 212 1019 simul
229 954 338 1017 classis
354 968 550 1017 creaverant.
569 952 646 1016 Erat
661 953 710 1016 his
724 953 846 1020 bellum
861 981 937 1022 cum
950 963 1171 1053 Cretensibus,

111 1058 266 1123 adversus
282 1079 366 1144 quos
383 1055 545 1118 sociorum
562 1076 639 1142 opes
652 1054 874 1122 sollicitabant.
888 1061 1042 1128 Decrevit
1056 1083 1170 1133 extern-

113 1161 168 1250 plo
178 1162 301 1247 legatos
309 1156 526 1244 senatus,qui
535 1155 619 1219 bello
631 1154 727 1220 finem
738 1157 952 1245 imponerent.
972 1164 1068 1231 Idem
1084 1191 1169 1258 nego·

114 1263 199 1326 tium
213 1261 407 1325 Aclrreorum
422 1280 497 1347 erga
508 1258 671 1320 Romanos
684 1255 804 1321 detexit
816 1260 1028 1348 obsequium,
1040 1267 1166 1335 libertati

112 1365 219 1451 gentis
250 1361 337 1427 lraud
363 1383 440 1425 sane
461 1358 677 1438 conveniens,
694 1357 751 1422 sed
775 1381 835 1446 pro
859 1377 1004 1450 tempore
1032 1390 1166 1435 neom.

111 1465 210 1529 rittm.
236 1464 390 1544 Rhodiis,
408 1460 562 1526 auxilium
585 1460 785 1548 petentibus,
805 1462 950 1550 plerique
979 1468 1163 1539 mittendum

112 1586 317 1634 censuerant.
334 1567 398 1633 Sed
415 1565 596 1630 Callicrates
611 1565 799 1628 Leontesius
815 1568 958 1654 negavit,
965 1569 1032 1655 fas
1050 1577 1163 1643 Achaeo

111 1695 175 1735 esse
192 1672 249 1736 ael
260 1669 424 1736 mdr‘cendt‘
434 1671 581 1757 cuiquam
594 1665 671 1729 belli
676 1714 687 1746 ,
700 1664 756 1728 vel
762 1662 898 1752 firotdi
906 1671 1044 1754 ouxt'lti‘,
1057 1675 1162 1741 Itum.

111 1778 160 1840 uis
173 1774 368 1840 mcomultis.
384 1773 451 1836 Hac
463 1770 609 1835 oratione
626 1784 777 1854 tanquam
795 1769 930 1835 fulmine
941 1779 1158 1867 percussi‚qui
1193 1820 1195 1827 ·

110 1878 275 1943 diversum
292 1890 502 1951 censuerant,
519 1872 678 1960 quievere.
696 1870 806 1933 lllultae
828 1869 979 1961 deinceps
998 1875 1156 1966 legationes

111 1985 248 2047 Romam
268 2003 372 2069 quum
391 1977 574 2055 venissent,
590 1996 654 2063 pra
670 1972 799 2059 reliquis
817 1973 944 2038 auditus
962 1978 1086 2045 Attalus
1100 1998 1154 2064 est,

111 2085 269 2148 Emnenis
286 2083 380 2146 lilius.
392 2082 532 2144 l’enerat
546 2078 572 2140 is
594 2077 626 2138 in
647 2075 759 2138 urbem
779 2073 953 2139 admodum
969 2099 1067 2165 puer,
1083 2099 1152 2147 utre

108 2185 353 2249 commendaret
365 2182 531 2253 Patribus,
545 2176 781 2262 amicitiamque
791 2190 823 2237 et
838 2174 968 2264 hospitii
983 2183 1104 2267 paterni
1109 2184 1151 2262 jus
1190 2166 1195 2231 ⁸,

28 2312 34 2321 ’
107 2313 183 2352 cum
198 2287 321 2376 populo
335 2303 472 2347 romano
490 2280 654 2342 recoleret.
669 2277 731 2341 llio
744 2276 841 2365 igitur
851 2277 1050 2369 perbenigne
1065 2284 1151 2347 ooni-
1192 2276 1195 2291 '

105 2406 221 2474 terque
239 2403 308 2448 tum
325 2384 366 2444 ab
384 2395 516 2458 senatu,
541 2394 612 2442 tum
631 2379 671 2441 ab
694 2377 833 2465 paternis
854 2378 980 2461 amicis,
996 2401 1150 2473 excepms,

106 2512 183 2552 cum
199 2506 373 2572 responso,
388 2479 483 2565 quale
497 2496 679 2564 optaverat,
690 2477 867 2542 honoribus
882 2482 964 2544 retati
977 2486 1152 2549 convenien-

104 2589 211 2666 tibus,
226 2586 361 2649 domum
380 2578 491 2658 rediit;
506 2579 623 2667 insigni
641 2581 748 2644 favore
759 2602 931 2668 graecarum
946 2582 1092 2667 urbium,
1103 2608 1152 2675 per

103 2711 183 2772 quas
203 2690 264 2751 iter
281 2685 341 2772 ipsi
358 2696 442 2757 erat,
462 2682 601 2764 profusa
624 2682 854 2745 benevolentiae
869 2681 966 2771 signis
980 2687 1151 2753 venientem

100 2788 344 2871 abeuntemque
368 2782 660 2869 prosequentium:
686 2805 759 2845 nam
776 2799 866 2870 pater
889 2785 980 2872 pueri
1001 2788 1153 2855 Eumenes

98 2906 185 2944 unus
200 2886 351 2946 omnium
367 2903 425 2943 sua
441 2895 533 2942 aetate
546 2902 677 2967 regum,
693 2882 830 2967 plurima
843 2886 876 2948 in
895 2885 1020 2952 Grecos
1033 2891 1154 2976 publice

96 2980 314 3066 privatimque
324 2979 481 3043 beneficia
492 2979 683 3042 contulerat.
693 2984 720 3041 V
723 2984 791 3044 enit
802 2986 947 3052 similiter
954 2987 1154 3082 discessitque

96 3079 199 3139 Roma
218 3081 402 3141 Demetrius
417 3101 510 3162 puer,
525 3077 759 3154 mediocribus,
774 3096 811 3140 ut
824 3090 900 3150 anni
917 3089 982 3170 ejus
994 3108 1102 3175 eruut,
1112 3095 1154 3159 as.

94 3177 197 3240 lectus
216 3176 408 3235 honoribus.

139 3272 227 3332 Vlll.
243 3272 313 3331 lloc
327 3269 490 3352 digress0,
505 3265 706 3347 Heraclides,
719 3274 774 3356 qui
788 3298 863 3345 cum
879 3290 1013 3356 Laodice
1024 3309 1056 3357 01
1065 3296 1152 3360 Alex.

91 3370 194 3437 andro
216 3366 343 3427 dudum
355 3365 389 3424 in
408 3363 490 3423 urbe
501 3367 771 3453 commorabatur,
789 3399 961 3474 postquam
972 3391 1013 3457 ud
1027 3416 1153 3461 causum

91 3490 183 3539 suom
196 3461 394 3527 fulciendam
408 3459 490 3519 nihil
506 3460 686 3527 calliditatis
701 3486 732 3531 et
745 3484 975 3572 praestigiarum
985 3498 1152 3581 praetermi-

89 3575 196 3643 sisset,
209 3584 293 3647 quos
308 3558 477 3620 facillimos
493 3558 599 3621 l'randi
612 3567 745 3647 putabat
760 3576 868 3649 Patres
886 3593 1075 3676 ambiendo,
1087 3613 1152 3661 tau·

90 3674 164 3739 deul
182 3664 215 3724 5¹¹
236 3658 360 3722 curiam
374 3669 423 3716 θὸῑ
440 3655 655 3726 lsslmdllssllls·
679 3668 770 3737 Prior
783 3682 963 3755 Alexander
981 3697 1083 3760 oravit
1101 3720 1150 3762 se·

93 3784 219 3841 ustum,
238 3770 276 3817 ¹¹²
296 3755 465 3833 “malles
483 3779 557 3843 W
580 3785 651 3828 cum
668 3791 765 3856 patre
781 3805 837 3847 suo
850 3792 1146 3883 Aurum-hostum,

125 3975 196 4055 qm,
205 3952 293 4023 rolib·
304 3963 420 4028 Excant-
432 3969 513 4034 tego
524 3983 581 4030 141-
595 4006 630 4016 -
645 3985 752 4051 Appian.
764 4002 887 4053 -sutu
902 4006 945 4057 ns.
959 4011 1005 4061 111.
1020 4040 1054 4051 -
1064 4014 1148 4081 svu-

91 4061 178 4129 ΜΒ.
188 4052 300 4106 mrpt.
309 4044 391 4110 Legat.
404 4051 467 4113 13⁸,
483 4057 532 4120 139
541 4071 566 4109 et
581 4072 640 4127 rto,
650 4080 674 4118 et
684 4075 750 4136 apud
761 4080 841 4132 Valet.
852 4086 895 4136 lib.
907 4093 1005 4142 xxxi.
