2654 4830
235 120 292 189 IN
321 119 433 188 LOC.
460 115 554 187 LIB.
582 118 728 186 XLVII
756 119 973 188 LIVIANI.
1082 119 1125 191 3}

47 239 145 330 pulsu
165 261 320 303 romanus
341 261 412 302 cum
427 239 547 328 ntojore
572 234 741 300 Ptolemoeo
759 236 927 317 habuerat,
948 236 1108 305 tolleretur
1114 264 1129 321 ;

52 341 213 438 Iagon'que
229 341 425 403 mitterentur
443 341 490 402 ad
497 340 676 428 juniorem,
699 338 792 428 lttq'us
807 339 1069 403 senatusconsulti
1083 340 1132 404 ad

51 466 122 509 eum
137 439 328 532 perstrendt'
342 443 461 528 grotta.
486 442 576 505 Missi
590 438 626 504 P.
647 442 816 527 Apustius,
833 442 869 525 C.
887 442 1129 530 LentulusCy·

52 544 158 624 mnis,
179 542 247 622 jam
266 558 430 631 receptum
454 564 611 630 reperere.
639 542 747 622 Quare
764 565 847 605 nova
870 565 927 629 spe
947 543 1125 626 animatus,

52 658 122 707 tota
136 659 251 708 mente
262 642 304 707 de
324 645 433 729 Cypro
450 640 669 731 recuperanda
686 643 782 730 coepit
799 643 957 731 cogitare,
975 645 1127 710 militem·

53 768 118 833 que
137 760 172 809 et
189 745 251 809 alia
272 745 357 809 bello
374 744 551 808 necessaria
567 765 693 807 summa
709 765 771 830 ope
789 745 948 833 colligere.

97 844 191 910 Xfll.
218 845 389 909 Novorum
416 846 538 909 interea
563 861 714 908 motuum
739 867 841 909 causae
869 868 944 909 cum
972 847 1127 913 Dalmatis

55 961 184 1010 exorte.
209 946 355 1034 Populus
381 948 441 1010 iste
465 947 526 1011 sub
552 947 703 1010 Pleurato
729 968 834 1034 nuper
857 946 984 1011 fuerat:
1004 971 1044 1012 eo
1068 948 1126 1014 de·

55 1046 171 1112 hincto
180 1095 190 1127 ,
200 1043 352 1112 deficiens
363 1072 381 1112 a
393 1049 529 1123 Gentio,
542 1070 609 1111 non
623 1048 799 1135 usurpabat
810 1047 910 1112 modo
924 1049 1136 1133 libertatem,

57 1147 111 1213 sed
123 1150 192 1229 jam
208 1149 333 1214 vicinos
350 1148 523 1238 incipiebat
538 1147 578 1212 ad
595 1148 762 1212 servitium
779 1170 915 1236 cogere;
937 1149 1127 1237 tributoque

59 1272 213 1337 pecorum
229 1267 262 1314 et
277 1251 434 1315 humenti
450 1249 616 1314 nonnullis
631 1249 803 1336 imposito,
816 1250 886 1329 alii,
903 1247 959 1335 qui
974 1248 1008 1311 id
1024 1249 1126 1314 dede·

62 1375 113 1417 cus
132 1353 340 1434 abnuebant,
362 1353 525 1442 perpetuis
550 1352 680 1416 illorum
703 1351 877 1415 latrociniis
906 1349 1123 1416 vastabantur.

8 1436 12 1453 Ι
64 1456 148 1520 lissii
160 1459 338 1546 praecipue,
350 1458 529 1545 Daorsique
542 1455 658 1519 fiducia
673 1478 813 1519 romanat
827 1454 988 1518 societatis
1002 1455 1126 1519 resiste·

25 1610 28 1615 .
67 1556 151 1641 bant3
171 1560 425 1648 frequentesque
441 1560 482 1622 ab
502 1559 578 1646 ipsis
596 1559 733 1645 querelae
756 1556 868 1620 delata
884 1572 975 1619 erant
990 1580 998 1620 :
1015 1556 1124 1622 Lissiis

71 1681 150 1746 ΨΜ
166 1677 200 1726 et
216 1660 337 1749 oppida
353 1685 410 1726 sua
430 1661 640 1750 (Tragyrium
658 1676 691 1724 et
705 1659 854 1746 Epetium
871 1657 1055 1745 habebant)
1071 1659 1123 1723 in-

73 1757 163 1824 tauri
173 1763 416 1843 nuntiantibus3
428 1786 488 1827 nec
499 1761 657 1825 absimilia
672 1761 784 1824 Daorsi
796 1760 986 1825 afferebant.
999 1761 1125 1826 Placuit
1232 1803 1247 1821 ,

76 1860 155 1947 igtur
170 1863 364 1951 legationem
382 1863 423 1927 ad
439 1865 600 1927 Dalmatas
618 1863 721 1942 mitti,
738 1860 849 1925 eadem
869 1883 967 1948 opera
985 1885 1036 1926 res
1050 1863 1124 1951 illy-

77 1961 139 2027 rius
154 1965 384 2052 inspecturum.
398 1965 476 2044 Ejus
489 1965 658 2051 legationis
675 1963 825 2049 princeps
838 1961 876 2024 C.
888 1961 1034 2026 Fannius
1049 1963 1124 2028 fuit.

79 2063 108 2125 At
123 2065 230 2129 hornae
247 2065 293 2129 M.
320 2065 453 2128 Fulvius
475 2065 625 2128 Nobilior
644 2063 847 2150 ,proconsule
865 2086 905 2126 cx
927 2063 1056 2150 Liguria
1082 2063 1125 2128 de

10 2197 30 2233 a
79 2161 201 2230 Fleatum
220 2165 344 2254 populo
360 2165 571 2253 triumphavit
587 2188 615 2228 a.
634 2164 667 2228 d.
686 2165 749 2228 Xll
768 2164 828 2228 lsal.
843 2164 1051 2251 septembres.
1072 2166 1125 2229 De

10 2272 27 2331 'a
78 2283 127 2349 quo
146 2265 315 2354 equidem,
330 2289 410 2352 quas
429 2288 498 2346 res,
512 2282 569 2329 aut
587 2264 755 2352 quomodo
775 2267 924 2352 gesserit,
941 2266 1021 2329 nihil
1040 2289 1125 2354 pras·

10 2398 22 2428 s
76 2377 141 2432 terea
160 2368 279 2432 inveni.
297 2369 393 2431 Certe
408 2390 467 2455 per
482 2391 519 2430 ea
537 2383 682 2454 tempora
697 2389 800 2453 quum
816 2368 1000 2455 graviorum
1019 2368 1124 2433 bello·

10 2489 15 2503 ·
73 2467 447 2548 tunmateriadeiiceret,
459 2491 526 2532 non
539 2468 612 2531 ideo
627 2468 796 2532 deficiebat
807 2469 959 2532 ambitio:
976 2469 1032 2532 sed
1047 2469 1125 2557 quia

71 2571 117 2634 soli
129 2569 368 2660 propemodum
380 2571 533 2658 Ligures,
549 2571 647 2658 magis
661 2570 750 2650 loco,
766 2593 865 2656 quam
879 2571 1020 2652 viribus,
1032 2572 1122 2650 freti,

66 2694 141 2739 uma
154 2672 353 2753 retinebant,
371 2672 404 2735 in
424 2672 544 2735 horum
561 2671 784 2759 expugnandis
802 2671 938 2735 castellis
956 2672 1122 2760 captanda

63 2771 156 2839 laudis
172 2774 300 2839 occasio
319 2773 534 2860 quaerebatur.

98 2876 185 2940 XIV.
200 2876 273 2940 Sex.
286 2874 404 2939 deinde
418 2875 504 2938 lulio
516 2873 587 2936 Sex.
599 2874 633 2937 F.
649 2872 720 2935 Sex.
737 2874 777 2936 N.
791 2876 931 2955 Caesare,
944 2876 978 2939 L.
992 2878 1124 2943 Aurelio

12 3024 17 3037 .
56 2978 89 3042 1.
104 2977 141 3041 F.
151 2980 187 3043 1..
201 2978 243 3041 Ν.
263 2977 379 3041 Oreste
393 2976 600 3056 consulibus,
618 2975 756 3038 Romam
776 2977 955 3041 Ariarathes
974 2979 1079 3060 venit,
1093 2981 1125 3045 vi

54 3079 273 3166 Orophernis,
291 3078 348 3165 qui
364 3101 397 3142 se
412 3080 541 3141 fratrem
557 3079 624 3156 ejus
641 3078 781 3160 ferebat,
794 3079 995 3166 Cappadocia
1013 3081 1126 3168 expul-

52 3202 118 3244 sus.
136 3180 237 3258 Cujus
260 3179 306 3242 rei
324 3180 482 3268 originem
508 3178 604 3266 paulo
626 3201 722 3266 supra
741 3178 950 3266 repetendam
974 3181 1124 3264 arbitror.

49 3280 254 3360 Ariarathes,
266 3280 322 3366 qui
334 3281 480 3368 proxime
497 3296 698 3368 regnaverat,
713 3280 943 3344 Antiochidem
960 3282 995 3344 in
1014 3284 1126 3359 matri·

50 3380 165 3445 monio
178 3379 311 3460 habuit,
322 3380 471 3444 Antiochi
485 3380 596 3469 Magni
609 3380 705 3444 filiam
718 3406 725 3445 ε
738 3405 810 3469 quae
825 3405 945 3468 quum,
959 3384 1124 3470 prioribus

49 3484 176 3571 aliquot
189 3483 334 3571 conjugii
346 3483 438 3546 annis
450 3483 562 3546 sobole
580 3483 668 3546 nulla
684 3485 806 3573 genita,
821 3483 966 3564 timeret,
980 3507 1021 3547 ne
1030 3485 1126 3551 vilior

83 3713 102 3778 ς
114 3713 175 3760 111.
188 3712 277 3777 Polyb.
289 3713 405 3776 Excerpt.
416 3714 500 3774 Legat.
515 3727 619 3772 117.—
631 3712 706 3759 Diod.
720 3713 786 3777 apud
800 3713 921 3760 Fulvium.
936 3740 970 3749 -
986 3713 1074 3777 Polyb.
1088 3738 1124 3750 -

47 3798 64 3864 3
81 3797 156 3845 1111.
172 3796 225 3844 Lis.
241 3797 308 3861 Epic.
320 3797 423 3844 xtvn.
437 3822 472 3832 —-
485 3796 573 3846 Zonar.
589 3821 625 3834 -
638 3797 726 3861 Polyb.
738 3799 856 3861 Excerpt.
867 3799 923 3860 Lag.
938 3804 995 3852 tat.
1007 3823 1043 3834 -
1057 3796 1122 3844 Fasti

51 3881 163 3946 Capitob
177 3905 212 3918 --
226 3881 278 3930 Cic.
289 3880 316 3928 iu
330 3881 420 3936 bruto,
435 3894 488 3947 cap.
502 3881 543 3939 73.
