2654 4830
308 277 361 346 in
392 279 502 347 soc.
530 282 624 347 um.
651 282 796 348 xcvii
826 280 1039 362 Liviam.
1159 277 1206 373 39

133 396 371 483 magistratibus
392 398 515 462 obedire
532 401 674 463 sinerent.
696 402 810 487 ltaque
829 398 953 463 dimissi
973 397 1091 463 deinde
1108 415 1205 480 sunt,

133 497 266 562 mulctae
282 497 422 562 maxima
431 515 522 587 parte
534 501 684 582 remissa,
702 515 738 564 ut
756 498 792 564 de
805 501 983 590 quingentis
997 512 1120 564 centum
1130 513 1203 562 tan-

129 599 299 663 tummodo
317 598 437 664 talenta
453 603 635 689 penderent.

176 700 301 765 XXVI.
319 702 454 765 interim
472 704 507 766 in
529 704 602 768 Asia
616 703 739 767 bellum
753 704 838 766 inter
854 703 997 767 Attalum
1012 717 1044 766 et
1057 700 1204 765 Prusiam

130 824 227 890 reges
241 820 422 869 exarserat:
437 828 503 892 quo
518 805 651 870 inferior
665 804 806 886 Attalus,
818 828 921 892 quum
937 804 979 868 ab
993 804 1088 868 hoste
1106 825 1203 891 urge·

130 919 237 985 retrar,
248 903 285 969 P.
299 906 455 988 Lentulo,
471 908 528 994 qui
542 923 612 972 tum
624 930 664 971 ex
672 906 747 972 Asia
760 907 992 986 revertebatur,
1008 906 1202 970 Athenaeum

131 1005 269 1069 fratrem
284 1005 432 1087 adjunxit
441 1056 450 1090 ,
460 1023 497 1074 ut
506 1024 648 1074 senatum
661 1009 701 1072 de
714 1007 802 1072 rebus
816 1008 956 1072 omuibus
969 1009 1130 1070 certiorem
1139 1002 1205 1090 fa·

129 1120 232 1186 reret,
251 1130 291 1170 ac
309 1109 358 1171 nd
382 1133 470 1197 opem
490 1112 549 1174 sui
568 1113 646 1173 serio
662 1109 838 1199 firendam
864 1109 1051 1173 hortaretur.
1070 1096 1203 1172 Misera't

132 1222 230 1285 antea
245 1208 380 1295 quidem
391 1209 633 1290 Andronicum,
645 1211 702 1299 qui
717 1211 849 1275 doceret
865 1209 992 1290 Patres,
1004 1231 1026 1270 o
1045 1209 1203 1272 Praescisse

131 1308 284 1398 rirsestari
298 1334 310 1373 :
326 1310 384 1375 sed
401 1312 436 1375 bi
458 1313 567 1399 potius
588 1313 751 1395 arbitrati,
770 1311 915 1376 Attalum
932 1309 1072 1396 bithyno
1091 1307 1201 1372 immi·

133 1427 269 1475 nentem
283 1435 395 1499 parare
408 1414 469 1477 sibi
484 1415 685 1502 probabilem
701 1437 804 1478 causae
817 1413 973 1501 speciem,
985 1433 1054 1475 rem
1068 1411 1201 1498 insuper

130 1500 337 1596 babuerunt,
352 1537 392 1578 eo
406 1516 524 1604 magis,
541 1516 631 1603 quod
646 1532 679 1580 et
692 1515 901 1596 Nicomedes,
915 1513 999 1578 filius
1014 1512 1150 1592 Prmiae,
1169 1527 1201 1575 et

130 1610 258 1700 legatus
272 1614 459 1703 Antiphilus
469 1617 643 1705 negabant,
656 1616 835 1705 quidquam
848 1637 964 1680 eorum
977 1614 1117 1693 factum,
1129 1633 1202 1699 quse

128 1712 343 1780 Andronicus
355 1716 485 1781 diceret.
503 1718 603 1781 Paulo
621 1734 729 1782 autem
745 1733 836 1805 post,
846 1740 950 1805 quum
960 1764 970 1798 ,
982 1716 1054 1806 ipso
1067 1734 1203 1777 rumore

129 1835 183 1876 res
199 1815 397 1901 perferente,
411 1817 560 1883 viderent
574 1819 702 1896 Patres,
720 1842 788 1883 non
804 1841 873 1883 esse
889 1818 1000 1899 nihili,
1012 1814 1103 1905 quod
1113 1814 1199 1879 acci-

129 1913 363 2005 disset,ueque
373 1921 604 2008 tamen,quale
613 1937 714 1998 esset,
724 1919 849 2008 liquido
860 1935 994 2009 possent
1004 1917 1196 2005 intelligere,

125 2015 297 2094 jusserunt
318 2020 354 2082 L.
371 2021 547 2108 Apuleium
569 2039 602 2085 et
618 2025 654 2087 C.
670 2022 860 2087 Petronium
879 2020 922 2085 ad
943 2042 994 2084 res
1016 2041 1131 2108 regum
1148 2017 1199 2081 in-

128 2117 364 2206 trospiciendas
383 2119 551 2207 proficisci.
572 2123 742 2187 Venerunt
765 2121 883 2185 deindo
904 2123 949 2184 L.·
963 2121 1141 2200 Lentulus,
1165 2133 1198 2182 et

127 2218 511 2306 regisfiaterAthenaeus.
523 2224 681 2295 Lentulus
693 2245 796 2311 quum
806 2220 1005 2286 asiaticarum
1016 2240 1125 2282 rerum
1138 2232 1198 2281 sta·

126 2336 220 2401 tum,
236 2323 365 2409 qualem
382 2324 451 2410 ipse
467 2323 605 2404 viderat,
621 2323 823 2412 exposuisset
839 2322 1006 2401 Patribus3
1022 2320 1195 2384 confestim
1226 2384 1228 2388 .

124 2424 237 2487 vocari
247 2424 442 2489 Atheuseum
454 2424 487 2488 in
508 2427 629 2489 curiam
641 2426 776 2513 placuit,
786 2441 819 2487 et
832 2446 892 2510 pro
907 2419 1131 2486 benevolentia
1146 2440 1196 2483 se-

125 2539 225 2586 natus
241 2524 274 2586 in'
292 2547 401 2613 regem
410 2527 553 2590 Attalum
569 2526 684 2614 legatio
700 2525 845 2606 decreta,
858 2547 930 2613 quae
946 2522 1093 2587 Prusiam
1109 2520 1196 2585 bello

121 2623 256 2705 juberet
273 2626 444 2691 abstinere.
708 2691 711 2697 ,

171 2730 312 2792 XXVII.
329 2729 468 2793 Profecti
481 2746 559 2794 sunt
569 2753 644 2794 cum
660 2730 816 2794 Athenaeo
831 2729 868 2792 C.
882 2726 1037 2791 Claudius
1049 2723 1195 2804 Centho,

126 2832 163 2893 L.
183 2831 399 2912 Hortensius,
417 2835 452 2897 L.
472 2833 712 2897 Aurunculeius
729 2832 835 2919 legati.
856 2829 943 2892 Tum
960 2829 1077 2891 iterum
1100 2846 1195 2888 causa

125 2931 336 2995 achaicorum
353 2935 498 2996 exsulum
515 2951 646 2998 tractata
660 2934 753 2997 estin
765 2948 894 3014 senatu,
910 2953 1013 3018 quum
1027 2927 1068 2992 de
1081 2929 1121 2992 iis
1132 2927 1196 2991 Xe·

126 3054 194 3094 non
207 3032 381 3120 AEgiensis,
392 3050 424 3096 ct
432 3034 573 3097 Teleclcs
583 3036 751 3123 Tegeates,
763 3033 860 3097 verba
870 3032 1031 3110 fecissent,
1045 3029 1193 3116 nihilque

123 3133 261 3220 propius
276 3133 412 3214 factum,
430 3156 528 3220 quam
545 3149 584 3198 ut
596 3134 854 3215 dimitterentur;
872 3134 935 3197 nisi
953 3136 989 3197 A.
1006 3131 1193 3196 Postumius

123 3249 244 3322 praetor
262 3234 301 3319 (is
318 3257 377 3322 per
391 3234 568 3299 absentiam
591 3235 763 3300 consulum
788 3251 936 3299 senatum
954 3230 1106 3316 habebat)
1121 3246 1193 3293 astu

122 3358 195 3399 rem
211 3336 463 3400 intervertisset:
478 3360 581 3424 quum
596 3338 683 3400 enim
701 3353 764 3400 tres
781 3353 889 3400 essent
907 3334 1073 3399 sententias
1088 3355 1095 3394 :
1111 3354 1194 3410 una,

122 3437 248 3500 absolvi
266 3437 402 3501 homnm
414 3436 540 3526 placere
550 3487 559 3518 ,
578 3439 902 3527 demittiq1ee;altera‚
924 3461 986 3500 non
1004 3433 1125 3498 absolvi
1131 3481 1141 3512 ,
1166 3446 1194 3494 et

122 3542 253 3602 retineri
259 3565 272 3619 ,·
292 3541 401 3618 tertia,
419 3544 544 3604 retineri
562 3542 686 3629 quadem
708 3541 832 3620 adhuc,
849 3540 905 3602 sed
926 3537 1045 3602 absolvi
1066 3551 1196 3598 tamen:

122 3658 245 3727 praetor
262 3644 429 3731 rogatione
443 3665 501 3706 sua
517 3642 597 3706 duas
611 3643 814 3731 complexus,
825 3643 950 3706 tertiam
968 3636 1194 3711 dissimulavit,

157 3868 175 3933 s
188 3870 271 3917 XXV.
287 3869 408 3919 Plutarch.
421 3870 448 3916 in
461 3870 553 3918 Catone
565 3869 622 3930 maj.
632 3886 654 3916 c.
665 3876 708 3924 tt.
722 3895 757 3904 -
771 3867 824 3916 Cic.
838 3865 868 3913 de
881 3868 952 3914 Orat.
963 3867 1002 3922 11,
1014 3866 1055 3911 38.
1070 3890 1104 3899 -
1117 3860 1193 3910 Rutil.

121 3965 147 4001 et
156 3954 245 4018 Polyb.
255 3955 322 4019 apud
334 3956 412 4017 Agell.
422 3982 458 3992 ·-
470 3955 581 4003 Macrob.
595 3953 715 4002 Saurmal.
727 3955 751 4012 1,
762 3952 786 3999 5.
798 3979 834 3988 -
846 3951 935 3999 AElian.
946 3949 1010 3997 ltin.
1024 3964 1074 3995 var.
1086 3949 1139 4001 ΙΙΙ,
1155 3960 1194 4001 ¹7·

126 4063 161 4071 —-
175 4035 192 4099 S
210 4039 306 4086 xxvl.
320 4038 421 4086 rausan.
434 4066 470 4077 -
480 4039 572 4102 Polyb.
591 4039 706 4102 Excerpt.
718 4040 801 4102 Legat.
812 4037 860 4084 128
873 4047 898 4084 ct
913 4049 969 4096 ¹29·
