2654 4830
256 109 309 177 IN
337 107 450 176 LOC.
476 108 568 174 LIB.
595 107 738 175 XLVII
766 108 981 179 LIVIANI.
1091 108 1137 196 45

59 251 141 292 nam
152 227 197 291 ad
208 228 329 292 Hieran
342 230 466 291 Comen
478 229 589 291 Dianae
600 228 749 316 spoliavit
761 231 873 292 lanum
886 253 894 293 a
910 230 1067 317 Apollinis
1080 256 1139 299 au.-

59 345 130 394 tem
144 331 251 417 Cynei
267 329 386 409 aedem,
404 353 476 417 quae
491 330 524 392 in
539 331 665 393 Temno
679 330 757 411 suit,
772 352 840 394 non
858 331 1006 417 spoliavit
1022 334 1138 417 modo,

56 455 182 496 verum
201 432 299 495 etiarn
313 429 466 494 incendio
484 431 697 517 consumpsit.
717 432 823 517 Atque
840 430 906 494 huc
922 429 1040 496 deinde
1056 436 1139 498 rela-

59 549 136 596 tum
154 548 220 613 est,
235 531 326 620 quod
342 546 375 594 et
390 529 554 618 pedestres
573 532 674 618 copiae
691 529 852 618 profluvio
870 531 931 594 alvi
949 533 1138 622 pleramque
1214 616 1219 623 ι

58 649 192 721 partem
215 632 426 710 interierunt,
445 647 478 695 et
499 631 607 694 classis
629 646 753 717 partem
779 632 887 696 subita
909 649 1081 721 tempestas
1104 636 1137 699 in

59 731 270 821 Propontide
284 755 359 796 cum
377 732 453 820 ipsis
469 731 660 794 hominibus
674 733 803 813 mersit,
818 733 930 814 aliam,
942 734 974 796 in
992 735 1062 799 loca
1076 737 1138 800 im·

58 849 222 922 portuosa
231 833 431 921 compulsam
440 879 449 913 ,
457 833 573 895 tabulis
583 832 856 918 armamentisque
868 835 1058 918 confractis,
1067 836 1138 902 red⁶

59 932 149 997 didit
159 933 320 997 inutilem.
333 933 409 996 Haec
426 932 482 996 ubi
501 933 609 995 Patres
623 948 835 1019 acceperunt,
852 935 895 997 ob
909 936 1088 1001 absurdum
1104 956 1138 1003 et

58 1035 221 1098 infestum
232 1035 353 1098 Prusiae
366 1034 490 1097 facibus
502 1034 549 1097 ira
560 1035 703 1114 accensi,
715 1035 874 1097 continuo
888 1036 1008 1125 legatos
1021 1039 1135 1107 decem

59 1133 254 1215 decrevere,
276 1134 333 1221 qui
353 1133 446 1198 finire
467 1133 603 1215 bellum,
628 1150 660 1197 et
679 1134 787 1199 Attalo
810 1157 871 1221 pro
892 1136 985 1202 illatis
1009 1141 1135 1222 injuriis

58 1238 246 1301 satisfacere
264 1257 340 1300 eum
359 1253 523 1326 cogerent.

105 1337 246 1401 XXXV.
266 1338 304 1401 ln
322 1339 373 1401 his
394 1341 431 1402 L.
449 1339 598 1422 Anicius,
617 1353 650 1401 et
670 1339 706 1402 C.
724 1338 885 1420 Fannius,
907 1355 940 1403 et
954 1341 996 1422 Q.
1015 1342 1134 1407 Fabius
1211 1344 1221 1352 ’

59 1440 226 1505 Maximus
243 1438 387 1503 fuerunt.
407 1442 565 1503 Censores
583 1439 647 1504 hoc
663 1462 750 1503 anuo
768 1441 866 1504 creati
883 1457 961 1505 sunt
978 1442 1024 1508 M.
1038 1444 1133 1508 Vale·
1169 1444 1172 1451 ’

58 1542 129 1604 rius
146 1541 193 1605 M.
211 1541 249 1603 F.
265 1540 312 1604 M.
328 1540 370 1603 N.
387 1540 540 1621 Messala,
558 1542 595 1606 C.
606 1542 734 1605 Cassius
749 1543 785 1607 C.
799 1544 833 1606 F.
847 1544 933 1607 C.N.
951 1545 1133 1633 Longinus,

59 1663 208 1729 quorum
228 1639 372 1703 Valerius
393 1640 462 1727 ipse
482 1641 658 1728 aliquando
681 1643 827 1706 censoria
845 1660 921 1708 nota
944 1647 1135 1733 perstrictus

61 1745 179 1807 fiuent.
197 1743 304 1828 Atque
318 1757 356 1805 ut
372 1740 425 1804 hic
442 1742 584 1829 priorem
607 1742 819 1831 ignominiam
839 1745 930 1808 novis
950 1731 1134 1812 lionoribus

61 1844 202 1910 delevit:
217 1844 260 1906 ita
274 1845 308 1907 L.
326 1845 421 1906 Cotta
434 1843 700 1930 tribunusplebis
720 1846 924 1932 magistratus
938 1851 1134 1913 sacrosancti

63 1946 255 2036 dignitatem
270 1944 325 2007 viti
338 1945 449 2007 animo
461 1944 612 2031 factoque
626 1943 763 2031 polluit;
777 1967 819 2008 ne
836 1945 1051 2014 creditoribus
1064 1952 1131 2014 suis

64 2048 275 2128 satisfaceret,
296 2046 480 2109 tribunatus
500 2045 743 2132 praescriptione
760 2047 900 2134 turpiter
917 2049 1048 2114 abusus.
1068 2052 1131 2116 Sed

64 2170 135 2234 non·
144 2169 238 2212 ruens
250 2144 364 2210 eadem
376 2146 503 2234 reliquo
517 2146 653 2234 collegio
667 2145 748 2210 fuit:
762 2146 1041 2237 decreveruntque
1055 2173 1133 2216 con·

64 2273 177 2330 unsu,
198 2249 233 2311 ni
248 2249 285 2311 L.
302 2246 395 2312 Cotta
410 2270 453 2311 aes
466 2238 606 2311 altanum
624 2248 811 2326 dissolveret,
825 2264 882 2313 out
897 2273 1056 2339 sponsores
1069 2254 1132 2317 da·

63 2365 116 2430 ret,
127 2348 362 2438 appellatorias
372 2371 404 2412 se
416 2348 619 2413 creditoribus
634 2347 910 2436 auxdrosuturos.
929 2353 1006 2417 Haec
1019 2356 1131 2418 Romae

64 2469 160 2541 gesta.
183 2453 345 2515 Caeterum
368 2451 402 2512 in
423 2450 576 2536 Hispania
597 2472 647 2512 res
670 2472 785 2537 parum
806 2474 968 2539 prosperae
986 2453 1130 2521 fuerunt.

64 2551 257 2640 Calpurnius
269 2550 345 2614 Piso
357 2565 484 2636 praetor,
500 2551 690 2613 aLusitanis
708 2550 791 2615 duce
803 2553 924 2638 punico
940 2554 1057 2630 victus,
1072 2558 1130 2621 ali·

65 2669 143 2740 quot
153 2653 254 2716 millia
266 2651 406 2714 militum
422 2673 498 2713 cum
512 2651 666 2715 Terentio
677 2651 822 2715 Varrone
837 2668 995 2738 quaestore
1010 2657 1128 2723 amisit.

63 2753 174 2818 Victor
190 2753 331 2841 punicus
344 2751 385 2815 ad
405 2752 572 2816 Oceanum
589 2774 693 2837 usque
709 2752 873 2838 promovit
892 2755 1001 2844 signa,
1019 2762 1129 2824 conci·

65 2855 209 2941 latisque·
218 2853 252 2915 in
275 2875 363 2916 arma
381 2852 597 2928 Vettonibus,
619 2875 732 2940 agrum
756 2855 1048 2943 Blastophoenicum
1067 2861 1130 2946 (sic

63 2953 428 3041 appellantprogeniem
445 2975 484 3015 ex
499 2952 605 3016 Africa
618 2974 677 3039 per
692 2953 906 3019 Hannibalem
923 2958 1129 3026 transducto-

66 3055 147 3141 mm)
165 3054 257 3117 omni
276 3053 366 3117 clade
381 3054 456 3117 belli
472 3055 622 3136 vastavit,
639 3053 729 3142 quod
747 3056 770 3118 ii
786 3055 882 3120 iidem
899 3059 1054 3124 Romanis
1071 3061 1130 3127 da·

66 3171 126 3219 tam
145 3171 334 3220 constanter
353 3157 537 3220 tuebantur.

104 3258 259 3321 XXXVI.
278 3257 451 3322 Successus
475 3259 534 3320 iste
552 3257 663 3320 multis
680 3273 713 3320 et
735 3257 803 3321 aliis
823 3259 984 3348 Hispaniae
1000 3267 1129 3351 populis

66 3359 186 3423 animos
195 3358 236 3423 ad
246 3358 470 3423 rebellandum
482 3360 567 3424 fecit.
583 3358 696 3441 Unde,
710 3359 785 3446 quia
796 3361 932 3440 majores
944 3364 1010 3442 jam
1021 3381 1130 3431 motus
1208 3445 1209 3448 Ἴ

98 3603 246 3668 §xxxin
258 3602 345 3668 cotys.
357 3602 423 3668 apua
436 3602 521 3667 steph.
532 3602 558 3649 n
571 3585 659 3653 bata.
669 3629 705 3638 -
716 3601 795 3650 stro.
805 3603 821 3650 ι.
831 3605 905 3652 xnr.
918 3631 953 3641 -
967 3605 1129 3671 nouaque

68 3687 140 3736 Vales.
158 3716 192 3723 -
211 3687 286 3735 Diod.
301 3714 336 3723 -
352 3687 440 3752 Polyb.
451 3688 565 3752 Excerpt.
576 3689 659 3750 Legat.
670 3685 727 3734 133.
742 3686 804 3751 -s
821 3687 930 3734 XXXV.
945 3690 1008 3735 Fasti
1022 3689 1126 3753 Capitol.

66 3773 184 3820 -X'aleu
195 3773 298 3821 Maxim.
311 3775 352 3831 11,
365 3788 397 3836 9,
412 3782 437 3820 st
446 3773 495 3829 Vl,
511 3771 535 3820 5.
553 3795 589 3808 -··
603 3770 655 3819 Liv.
670 3769 735 3834 Epit.
749 3797 784 3808 —
799 3768 850 3818 Jul.
863 3770 954 3833 Obseq.
970 3797 1003 3809 -
1019 3773 1125 3837 Appiae.

67 3855 166 3917 Hispan.
