2670 4838
237 334 293 404 IN
324 335 438 403 LOC.
464 335 559 403 LIB.
585 336 709 403 XLVI
739 336 952 407 LIVIANI.
1088 336 1127 407 15

61 469 132 535 tur,
147 476 225 544 rege
237 478 297 543 per
311 470 436 519 aetatem
452 454 610 538 invalido,
626 470 659 519 et
675 457 840 521 tutoribus
855 459 929 522 satis
951 459 1128 543 habituris,

61 556 87 617 si
104 556 275 619 Demetrio
293 557 406 620 Romae
425 571 569 637 retento,
585 557 647 644 ipsi
667 557 701 618 in
721 555 1000 623 administratione
1018 584 1128 627 rernm

60 657 333 744 relinquerentur.
348 657 466 745 Neque
477 658 600 745 species
616 657 746 722 honesti
759 657 896 722 consilio
907 658 1017 724 aberat
1031 684 1038 725 :
1051 686 1128 727 cura

60 759 137 819 socri
142 768 177 820 et
187 759 286 821 anthi
297 760 388 843 regni
398 757 671 846 praetendebatur,
682 782 722 821 ne
732 761 866 846 quietem
878 760 944 847 ejzu
954 784 1036 827 mors
1049 769 1130 851 regis

61 870 90 921 et
100 881 147 921 ex
158 880 201 921 ea
218 858 352 923 tnnendi
365 859 515 925 tnmrdtus
533 861 723 925 turbarent:
740 864 881 924 marcitae
898 885 997 948 quum
1011 888 1129 953 procn-

62 962 217 1023 mtionem
231 964 321 1048 regni
334 960 444 1045 Lysim
465 964 647 1041 invassise&
659 962 718 1050 jus
738 985 783 1025 ex
800 962 954 1027 mandato
970 969 1130 1033 morientis

61 1064 155 1147 regis,
169 1083 244 1125 cum
253 1061 392 1150 reliquiis
401 1065 555 1126 exercitus
568 1062 689 1127 redient
700 1062 862 1152 Philippus
871 1065 1060 1133 umdtcaret.

103 1162 227 1227 XXVI.
257 1164 418 1229 Caeterum
439 1165 566 1230 occasio
589 1181 664 1229 nata
683 1163 854 1230 ridebatur
874 1166 915 1229 ad
939 1189 1018 1256 opes
1038 1171 1128 1259 regni

62 1264 275 1345 minuendas,
285 1265 502 1355 mandataque
515 1267 550 1331 in
564 1268 628 1331 hoc
642 1266 736 1355 legati
751 1284 958 1353 acceperant,
977 1284 1010 1332 et
1025 1273 1130 1334 nomi·

63 1368 185 1449 mum,
204 1380 242 1432 nt
258 1390 353 1433 naves
371 1368 710 1449 tectasincenderent,
735 1366 917 1456 elephantos
934 1371 1127 1453 occiderent,

61 1490 134 1555 quae
142 1470 398 1557 contrafoederis
411 1471 493 1557 leges
506 1470 620 1535 habere
635 1469 812 1533 Antiochus
824 1469 995 1536 dicebatur.
1009 1472 1129 1537 Iisdem

62 1570 157 1634 eiam
172 1572 348 1637 commissa
365 1572 564 1637 Macedoniae
584 1571 735 1659 pacanda
755 1594 850 1651 cura,
869 1595 967 1659 quam
983 1596 1023 1637 ex
1040 1577 1130 1663 regio

63 1670 201 1759 imperio
219 1674 351 1739 insolita
368 1675 516 1757 libertas,
538 1690 571 1737 et
589 1673 796 1761 publicorum
815 1674 1025 1738 consiliorum
1045 1698 1130 1739 non·

63 1770 142 1837 dum
150 1773 237 1839 hene
246 1776 427 1863 composita
438 1776 543 1839 forma
554 1775 589 1837 in
601 1772 775 1839 seditiones
786 1792 903 1863 egerat.
916 1775 1131 1863 Gallograecos

57 1862 156 1937 'atam
174 1888 208 1939 et
223 1874 435 1965 Cappadociae
452 1898 584 1965 regnum
598 1874 764 1961 diligenter
777 1878 926 1964 inspicere
937 1877 1017 1957 jussi
1033 1896 1129 1944 sunta

62 1974 172 2053 etjam
187 1973 340 2064 digressis
354 1976 513 2042 advenere
528 1977 649 2057 literae,
665 1976 785 2064 quibus
800 1978 968 2066 negotium
982 1979 1130 2060 dabatur,

62 2088 98 2137 ut
113 2074 165 2137 ad
182 2076 400 2143 conciliandos
420 2081 559 2166 AEgypti
571 2100 658 2164 reges
677 2076 760 2140 nihr'l
777 2077 894 2142 laboris
911 2079 1133 2169 industrieque

58 2178 341 2261 prrrtemritterent.
923 2251 926 2257 ,

105 2277 245 2342 XXVII.
258 2280 388 2345 Interea
402 2281 451 2345 Ti.
468 2281 633 2347 Gracchus
646 2302 712 2344 cos.
730 2278 862 2345 subacta
879 2280 1130 2347 Cammanorum

63 2392 178 2463 gente,
191 2379 329 2443 Romam
342 2380 384 2445 ad
394 2380 600 2468 triumphum
613 2402 794 2470 regressus,
809 2381 938 2445 comitia
951 2383 1131 2447 consularia

65 2477 96 2539 in
109 2500 237 2543 annum
250 2498 441 2568 sequentem
456 2481 573 2546 hahuit
587 2505 595 2545 :
613 2480 732 2569 quibus
743 2481 779 2544 P.
792 2483 960 2546 Cornelius
973 2483 1010 2547 P.
1021 2486 1055 2547 F.
1070 2486 1130 2550 Cn.

65 2578 103 2644 N.
117 2580 228 2667 Scipio
243 2580 373 2663 Nasica,
387 2583 423 2647 C.
442 2582 583 2647 Marcius
598 2584 635 2647 C.
649 2583 683 2646 F.
698 2581 740 2663 Q.
752 2580 794 2645 N.
812 2583 944 2670 Figulus
963 2582 1131 2672 designati.

65 2681 223 2747 Notabilis
244 2700 315 2749 tum
330 2707 382 2749 res
397 2683 550 2749 accidisse
565 2683 723 2747 traditur:
739 2684 825 2747 inter
841 2683 997 2747 creandos
1011 2707 1132 2748 consu·

66 2780 125 2863 les,
139 2807 243 2871 quum
255 2786 380 2873 primus
391 2802 580 2876 rogatorum
590 2807 646 2849 eos
657 2784 832 2865 retulisset,
845 2785 930 2849 illico
944 2786 1131 2873 exspiravit,

67 2905 172 2972 neque
194 2888 324 2975 segnius
344 2903 472 2975 peracta
493 2902 570 2950 sunt
589 2886 743 2949 comitia:
762 2886 796 2949 id
816 2885 851 2948 in
870 2908 966 2949 omen
982 2909 1132 2968 versum,

67 2988 336 3076 sermonibusque
356 2989 469 3076 populi
489 2987 643 3075 agitatum
665 3003 733 3068 est,
756 2987 917 3066 timentis,
938 3010 979 3051 ne
1000 2988 1080 3075 quid
1097 2990 1131 3052 in
1214 3024 1215 3028 =

67 3087 238 3176 religiones
255 3106 424 3176 peccatum
438 3104 538 3170 esset,
551 3088 689 3176 puhlicis
707 3087 798 3151 malis
811 3088 1018 3176 expiandum.
1034 3090 1133 3155 Grac·

67 3187 146 3251 chus
162 3212 233 3253 rem
246 3189 288 3255 ad
303 3206 451 3255 senatum
467 3191 578 3255 retulit
598 3213 606 3253 ι
623 3205 754 3253 senatus
771 3188 989 3253 consulendos
1008 3191 1134 3254 censuit

67 3288 263 3378 hanrspioes.
277 3292 320 3356 Hi
332 3292 406 3373 uhi,
421 3305 600 3378 rogatorem
611 3292 807 3355 comitiorum
820 3288 1114 3378 nonsrcissejnstnm
1121 3339 1131 3370 ,

67 3390 323 3479 responderunt,
339 3394 492 3457 incensus
513 3392 560 3456 ira
579 3391 762 3474 Gracchus,
779 3422 792 3446 ιι
806 3392 913 3473 Itane,
930 3391 1056 3478 inquit,
1074 3413 1134 3479 ogo

67 3514 157 3556 «non
170 3493 297 3574 justus,
312 3494 370 3581 qui
384 3509 417 3557 et
432 3494 547 3558 consul
562 3494 690 3583 rogavi,
704 3510 737 3556 et
755 3515 877 3581 augur,
896 3508 928 3556 et
943 3492 1107 3579 auspicato
1122 3493 1135 3555 ἰ)

67 3624 80 3648 ι
90 3595 157 3659 Vos
171 3594 248 3673 justi
264 3594 494 3677 comitiorum,
508 3594 700 3681 romanique
713 3592 795 3673 juris
811 3593 1020 3681 interpretes,
1037 3592 1134 3655 Tusci

68 3722 81 3745 ι
90 3693 257 3776 homines,
272 3711 307 3759 et
316 3695 442 3759 barbari
451 3692 465 3757 Ρ
474 3727 487 3751 1·
497 3694 549 3758 Sic
556 3696 589 3758 in
601 3695 771 3782 praesentia
781 3693 862 3756 nihil
872 3709 1043 3757 mutatum.
1056 3695 1136 3787 Con·

69 3796 118 3859 sul
131 3797 266 3885 peractis
288 3796 427 3862 comitiis
444 3797 478 3860 in
496 3797 615 3861 Corsos
631 3796 795 3883 profectus
810 3793 957 3873 videtur,
974 3809 1011 3856 ut
1031 3809 1135 3856 morte

100 4005 117 4071 S
130 4009 213 4058 XXV.
224 4011 291 4059 Just.
301 4008 410 4075 Appiam
420 4035 454 4045 -
466 4009 518 4056 Llr.
529 4006 594 4071 Epir.
606 4007 707 4053 XLVII.
719 4032 754 4042 -
763 4004 854 4069 Polyb.
861 4033 896 4041 -
906 4006 967 4053 Zon.
978 4031 1014 4040 -
1023 4003 1136 4052 machab.

70 4093 92 4150 1,
103 4093 127 4139 6.
139 4120 172 4131 -
181 4094 287 4161 Ioseph.
300 4095 351 4142 XII
357 4128 364 4155 ,
376 4102 415 4149 rt.
424 4119 458 4131 -
468 4091 484 4157 §
494 4093 590 4141 XXVI.
601 4089 653 4140 Cic.
663 4089 772 4156 Philipp.
780 4092 832 4150 tx,
842 4105 866 4136 a.
878 4088 1013 4152 -'Polyb.
1044 4146 1047 4153 .
