2654 4830
219 314 262 396 n,
389 316 459 383 ro.
487 316 830 387 saumsnmrn
860 295 1101 384 surenam

212 434 266 497 chi
291 450 375 498 nata.
398 434 463 499 Sed
489 453 720 500 recusaverunt
743 435 777 499 id
799 436 953 499 auxilium
980 436 1094 523 legati,
1117 436 1287 515 maiestate

212 534 354 598 nominis
365 535 492 599 romani
505 551 594 601 tutos
609 558 644 600 se
658 538 720 601 rati
734 537 821 620 fore3
834 537 925 625 quod
940 537 1035 626 longe
1046 559 1138 601 secus
1149 540 1286 605 evenit:

210 658 287 699 nam
304 635 392 723 apud
408 637 599 723 tranquillos
615 653 648 701 et
668 636 833 702 modestos
851 639 1025 703 auctoritas
1047 660 1084 701 ac
1100 640 1287 703 reverentia

209 737 387 825 plurimum
401 737 502 818 valet,
516 738 574 801 ubi
587 738 710 802 turbari
729 761 779 803 res
794 760 937 826 coepere,
952 738 1104 802 adversus
1121 739 1286 826 improbi·

209 854 310 903 tatem
326 854 483 903 armatam
499 837 606 903 debile
624 840 866 904 munimentum
883 839 991 926 pudor
1006 855 1063 903 est.

254 940 375 1005 XXIV.
396 940 525 1022 Quibus
539 957 649 1007 autem
665 941 764 1007 initiis
779 941 910 1005 concuti
926 941 1074 1030 regiones
1087 941 1155 1005 istae
1172 963 1285 1031 ooepe-

206 1042 289 1123 rint,
302 1063 408 1129 operae
422 1042 564 1131 pretium
576 1059 625 1107 est
638 1064 811 1131 exponere.
821 1040 965 1107 Puerum
976 1043 1172 1106 Antiochum
1186 1058 1285 1131 pater

205 1144 393 1232 Epiphanes
405 1143 556 1231 Philippo
571 1143 700 1209 cuidam
715 1144 894 1209 amicorum
904 1143 1204 1225 commendaverat,
1221 1167 1283 1209 ex·

207 1243 382 1333 peditionis
398 1245 560 1332 elymaicae
576 1245 698 1309 comiti.
717 1244 781 1309 Sed
796 1244 907 1310 audita
924 1261 1029 1309 morte
1045 1244 1129 1332 regis
1148 1245 1282 1332 Lysias,

207 1344 265 1433 qui
279 1344 409 1409 relictus
419 1345 455 1408 in
468 1345 615 1409 custodia
626 1345 717 1434 regni
728 1348 851 1428 fuerat,
865 1347 998 1411 tutelam
1012 1345 1105 1433 pueri
1116 1346 1281 1411 novennis

208 1446 388 1534 occupavit.
411 1445 511 1528 Quod
527 1446 586 1510 ubi
603 1447 713 1509 Romae
732 1448 916 1513 Demetrius
932 1446 1107 1534 comperit,
1123 1444 1213 1511 adito
1227 1469 1281 1511 se-

206 1562 286 1611 natu
300 1546 460 1627 ostendit,
468 1549 573 1636 patris
583 1547 707 1613 Seleuci
719 1553 842 1613 nomine
854 1550 991 1614 obsidem
1003 1572 1035 1612 se
1048 1550 1083 1611 in
1098 1549 1211 1613 Urbem
1223 1573 1280 1615 vc·

204 1649 283 1711 nisse
297 1648 377 1712 :sub
389 1648 545 1711 Amneni
557 1649 673 1713 deinde
683 1673 780 1738 regno
787 1699 797 1732 ,
813 1655 915 1738 magis
927 1653 1005 1739 quia
1012 1673 1074 1738 per
1085 1652 1278 1739 oetatemyits

202 1770 296 1813 suum
305 1750 479 1829 nesciverat,
493 1772 590 1838 quam
602 1750 746 1837 legitima
756 1776 801 1816 ex
813 1776 927 1833 causa,
937 1752 1046 1816 eadem
1056 1754 1089 1815 in
1099 1752 1277 1817 conditione

197 1854 428 1938 pennensisse:
444 1873 529 1916 nnnc
549 1854 645 1915 etiarn
660 1854 720 1917 hoc
738 1858 911 1934 exstincto,
929 1878 960 1919 se
978 1853 1172 1941 obligatione
1189 1858 1279 1919 omni

202 1950 370 2016 liberatum
385 1952 500 2034 arderi,
515 1976 701 2043 (equumque
715 1970 831 2044 putere
844 1957 963 2021 dimitti
978 1956 1021 2020 ab
1033 1971 1160 2036 senatu,
1177 1972 1276 2044 atque

201 2056 299 2118 ctiam
311 2056 344 2116 in
362 2077 460 2140 regno
474 2057 688 2144 recuperando
703 2058 860 2146 arty'uvari.
870 2088 884 2112 «
898 2058 974 2122 Non
985 2059 1072 2122 enim
1090 2056 1192 2122 modo
1200 2058 1275 2139 jure

204 2184 217 2209 a
232 2155 340 2242 potior
356 2179 451 2238 sum,
468 2157 593 2245 inquit,
611 2157 765 2222 Antiochi
781 2157 865 2241 lilio,
881 2159 973 2238 cujus
990 2172 1081 2246 pater
1096 2174 1224 2223 aetatem
1240 2175 1274 2223 et

203 2256 412 2321 «absentiam
429 2280 535 2323 meam
550 2259 753 2322 occasionem
764 2281 856 2323 suam
872 2275 960 2325 ratus
973 2275 1041 2340 est;
1058 2257 1115 2322 sed
1130 2281 1199 2322 non
1214 2260 1274 2323 mi·

135 2421 139 2431 ,
203 2389 217 2414 ι
231 2381 294 2422 nus
308 2359 407 2423 etiam
422 2358 524 2422 favori
537 2374 644 2422 vestro
655 2357 796 2423 confido.
810 2359 896 2423 Puer
908 2359 942 2421 in
953 2360 1038 2423 hanc
1048 2358 1163 2422 urbem
1177 2359 1272 2423 venit

201 2490 215 2515 ι
230 2482 320 2524 nunc
337 2461 433 2525 tertio
451 2476 484 2524 et
503 2460 656 2523 vicesimo
678 2459 778 2523 aetatis
793 2481 897 2540 anno,
915 2475 1007 2523 tauto
1023 2474 1170 2544 tempore
1186 2457 1275 2521 inter

201 2590 215 2617 ι
228 2584 286 2625 vos
308 2561 486 2639 educatus,
507 2561 584 2624 civis
606 2561 714 2648 potius
734 2577 856 2642 vester,
873 2583 971 2648 quam
992 2576 1146 2624 externus
1168 2558 1274 2623 videri

200 2691 213 2717 a
226 2661 343 2728 debeo.
357 2664 423 2727 Vos
435 2684 496 2751 ego
507 2678 612 2749 patres
624 2661 721 2741 mihi,
732 2678 855 2727 vestros
866 2661 1002 2743 liberos,
1014 2660 1151 2748 aequales
1163 2682 1274 2742 meos,

198 2763 340 2828 «fratres
357 2787 426 2828 esse
450 2786 543 2843 reor;
564 2786 672 2851 neque
687 2763 747 2827 alia
764 2779 822 2827 aut
838 2785 896 2828 vos
913 2762 1110 2841 reverentia,
1126 2778 1185 2825 aut
1199 2761 1273 2827 illos

199 2894 213 2920 r
227 2865 358 2929 caritate
376 2866 591 2952 amplector.»

246 2965 349 3030 XXV.
370 2967 446 3030 Non
465 2982 534 3031 erat
550 2965 703 3053 equidem
717 2967 769 3030 rel
782 2967 900 3047 injusta
916 2965 1071 3031 Demetrii
1087 2986 1201 3046 rausa,
1219 2968 1273 3031 vel

200 3066 326 3154 ingrata
342 3068 457 3131 oratio.
468 3066 532 3131 Sed
545 3067 622 3130 vicit
639 3068 778 3149 utilitas,
789 3084 827 3131 ut
839 3066 949 3156 potius
963 3068 1174 3131 immaturum
1188 3091 1274 3155 pue·

200 3188 274 3229 rum
284 3213 293 3247 ,
303 3176 400 3254 quam
411 3182 501 3230 aetate
512 3164 640 3230 florenti
650 3166 898 3249 adolescentem,
908 3168 1155 3256 opulentissimo
1165 3192 1271 3259 regno

198 3289 335 3354 praeesse
350 3268 478 3331 vellent.
498 3267 611 3354 Itaque
632 3292 699 3333 non
717 3287 861 3335 retentus
882 3270 983 3335 modo
1002 3271 1073 3352 ille3
1092 3269 1149 3334 sed
1170 3272 1270 3337 etiam

197 3367 295 3453 paulo
310 3385 385 3456 post
401 3386 465 3433 tres
482 3369 577 3457 legati
595 3371 656 3434 Cn.
677 3371 849 3453 Octavius,
865 3371 919 3460 Sp.
934 3372 1124 3451 Lucretius,
1141 3372 1177 3437 L.
1196 3375 1270 3435 Au-

198 3467 296 3531 rclius
313 3467 450 3552 delecti,
468 3470 525 3556 qui
543 3471 577 3533 in
590 3471 715 3559 Syriam
731 3472 1027 3561 proficiscerentur,
1045 3497 1084 3537 ex
1098 3472 1271 3536 voluntate

198 3586 328 3633 senatus
339 3594 479 3661 regnum
491 3571 681 3638 ordinaturi.
693 3577 799 3640 Facile
810 3599 961 3664 passuros
973 3579 1037 3641 hoc
1045 3577 1143 3663 Syros
1153 3574 1271 3639 reban-

232 3807 248 3872 S
260 3810 356 3858 xxm.
369 3812 422 3860 Lir.
435 3813 501 3877 Epir.
518 3840 552 3850 -
567 3815 620 3864 Pol.
634 3818 748 3882 Erret-pt.
760 3820 841 3883 Legat.
854 3832 900 3877 1⁰7
914 3828 938 3865 et
951 3832 1006 3879 ¹⁰9·
1021 3843 1056 3853 -
1071 3816 1146 3865 Diod.
1161 3818 1268 3877 XXXI,

197 3893 221 3939 3.
232 3919 266 3927 -
274 3892 362 3958 Polyb.
372 3921 407 3931 -
415 3894 432 3960 S
441 3897 538 3945 XXIV.
550 3899 713 3948 Machnbaeor.
726 3902 777 3948 1-6.
788 3928 822 3937 —-
831 3901 934 3966 Ioseph.
946 3902 1010 3961 XII,
1024 3909 1062 3955 rt.
1072 3928 1107 3936 —
1117 3900 1267 3964 Illeronym.

195 3974 222 4021 in
235 3975 330 4026 Daniel.
342 3994 363 4026 c.
377 3993 417 4025 11.
431 4007 466 4016 -
478 3981 567 4045 Polyb.
579 3994 603 4030 ct
613 3983 688 4032 Diod.
699 3985 765 4049 apud
775 3984 1011 4050 Voles—Appiam
1021 3985 1113 4048 Syriae.
1126 4012 1160 4022 -
1174 3984 1266 4049 Polyb.

196 4057 310 4123 Excerpt.
321 4060 403 4124 Legat.
418 4077 473 4122 107.
483 4092 518 4101 -
526 4065 616 4113 Iustin.
629 4068 750 4127 XXXIV,
762 4070 784 4115 3.
797 4094 832 4104 -
841 4068 928 4132 Polyb.
936 4096 971 4105 -
980 4069 1067 4117 Zonar.
