2654 4830
290 332 344 399 IN
372 330 483 397 LOC.
511 330 607 397 LIB.
633 331 780 398 XLVII
809 330 1025 399 LIVIANI.
1147 354 1194 425 29

118 475 210 540 quem
217 452 297 540 jam
312 449 388 514 olr'm
403 462 433 513 et
447 451 630 513 arctisstnae
642 449 872 519 necessitudinis
880 451 978 537 jura,
993 447 1196 537 etfoederum

111 565 346 642 pectorumque
354 547 463 638 fides,
483 574 545 639 quo
561 575 624 615 utto
635 547 829 643 ι,ᾖνιιιὶιειίιιο
843 551 972 616 utiteulo
990 555 1112 639 gerien‘s
1133 554 1194 619 Itu·

117 656 210 719 mani
230 656 363 719 secretas
384 654 569 730 contuwtur,
586 651 766 718 eeduerunt.

161 755 257 819 VIII.
266 784 280 809 ι
291 752 356 819 sed
369 754 501 841 antiqua
516 776 583 816 non
595 754 772 841 repetimus
785 753 930 818 :utinam
944 769 1011 818 tam
1025 755 1120 819 facile
1135 778 1197 820 no·

118 887 132 911 n
141 855 190 918 vis
205 855 337 934 injuriis
347 854 400 919 ille
411 853 602 936 abstineret,
613 876 712 941 quem
722 876 783 917 nos
793 855 941 941 priorum
955 855 1193 920 obliviscimur!

118 990 134 1013 ι
142 957 387 1044 Quinquennio
399 971 492 1037 ante,
502 979 605 1043 quum
615 956 701 1036 justa
711 956 831 1020 civium
843 956 1068 1046 indignatione
1081 959 1196 1045 pulsus

119 1090 133 1114 ι
141 1075 287 1123 vestrum
296 1057 338 1123 ad
347 1081 444 1146 opem
455 1058 647 1146 perfugbset
656 1107 666 1138 ,
674 1081 732 1122 vos
742 1080 803 1146 pro
812 1057 905 1122 solita
915 1058 1061 1123 bonitate
1069 1077 1194 1143 vestm,

122 1176 176 1224 «et
203 1159 282 1247 quia
304 1182 436 1246 equum
459 1182 528 1223 esse
555 1158 735 1246 putabatis,
760 1181 844 1246 quos
874 1176 988 1224 natum
1012 1177 1078 1226 tem
1106 1178 1194 1226 arete

122 1260 343 1348 «cognatione
359 1260 536 1341 junxisset,
560 1282 616 1325 eos
636 1261 753 1325 animis
775 1282 842 1323 non
864 1259 1038 1343 dissidere,
1057 1278 1197 1329 vestiam

124 1361 619 1449 «auctoritateminterposuistis
630 1361 692 1425 :ibi
701 1384 758 1425 rex
769 1376 893 1441 noster,
904 1384 1091 1449 quanquam
1101 1387 1196 1430 causa

126 1463 335 1551 «viribusque
344 1465 503 1551 superior,
513 1480 621 1527 tamen
635 1462 716 1550 quid
726 1463 819 1527 vobis
837 1463 987 1547 deberet,
1000 1488 1099 1552 quem
1115 1466 1198 1555 quid

130 1566 199 1631 «ille
214 1565 403 1646 meruisset,
418 1565 559 1653 cogitare
573 1565 707 1629 maluit:
722 1565 756 1627 in
773 1580 930 1653 potestate
946 1566 1128 1656 legatorum
1140 1589 1199 1633 re·

132 1683 291 1731 tetrorum
309 1668 372 1730 luit
393 1667 479 1749 :lillis
497 1666 666 1755 agentibus
688 1689 740 1729 eas
762 1665 966 1730 conditiones
985 1668 1071 1733 victo
1088 1668 1191 1753 dedit,

136 1791 228 1855 «quas
240 1769 277 1831 in
291 1769 361 1856 pari
373 1768 447 1850 jure
461 1768 660 1854 fortunaque
677 1782 785 1854 petere
803 1789 871 1829 non
889 1784 973 1833 esset
991 1791 1106 1852 ausus,
1122 1791 1196 1858 spe·

139 1892 219 1935 -rare
234 1870 444 1958 nequivisset.
460 1871 512 1932 An
524 1890 592 1933 non
604 1868 703 1956 igitur
719 1882 812 1931 tantae
829 1868 994 1931 sociorum
1009 1892 1095 1933 curm
1107 1871 1198 1934 l'avo·

142 1972 260 2059 mique,
278 1987 375 2035 tantae
391 1970 496 2034 fratris
511 1969 721 2058 indulgentiae
737 1969 840 2031 vicem
858 1970 969 2032 referri
985 1972 1196 2057 oportuerat?

105 2098 108 2115 ³
144 2072 207 2135 due
222 2088 332 2136 autem
349 2070 429 2159 quid
447 2071 575 2151 fecerit,
594 2069 723 2134 videte:
744 2068 905 2134 modestas
922 2070 1028 2133 fratris
1047 2073 1194 2158 querelas

147 2193 217 2235 mou
232 2174 303 2237 sine
318 2171 516 2235 contumelia
530 2172 598 2251 ejus
615 2171 751 2258 insuper
763 2171 894 2251 habuit,
913 2170 1006 2235 novis
1022 2175 1119 2237 etiam
1135 2173 1195 2238 atl-

148 2270 224 2336 ‹tlitis
240 2272 387 2353 injuriis,
405 2272 653 2359 cumulatisque.

178 2374 251 2438 IX.·
262 2375 353 2457 Quas
371 2373 429 2438 ubi
445 2373 498 2437 ille
515 2374 600 2438 ferre
615 2372 739 2437 (liutius
757 2395 823 2436 non
842 2373 968 2462 potuit,
980 2371 1022 2436 ad
1036 2392 1110 2455 ros,
1127 2389 1199 2437 tan·

150 2496 247 2561 *quam
259 2475 399 2541 deorum
410 2474 514 2538 vicem
524 2474 656 2562 regibus
668 2474 865 2562 populisque
874 2474 947 2554 jura
960 2474 1151 2557 reddentes,
1164 2498 1201 2540 se

150 2578 287 2642 ·contulit
301 2601 309 2641 ε
322 2576 499 2662 vobisque,
516 2577 603 2638 utin
621 2592 687 2640 tam
704 2573 845 2639 evidenti
863 2576 995 2664 negotio
1009 2576 1199 2640 facillimum

151 2677 236 2743 ¹lactu
256 2680 333 2760 fuit,
351 2699 480 2741 causam
499 2679 542 2741 ita
558 2677 727 2765 probavit,
747 2693 784 2741 ut
802 2701 841 2741 ex
863 2679 1064 2764 amplissimo
1084 2678 1200 2742 ordine

151 2779 234 2845 ¹viros
244 2779 439 2845 clarissimos
451 2779 571 2866 legatos
585 2777 812 2842 Alexandriam
822 2780 1009 2858 mitteretis,
1021 2779 1077 2865 qui
1087 2779 1201 2842 voluu-

151 2893 249 2944 «atem
265 2896 420 2962 vestram,
434 2878 474 2943 de
490 2882 599 2966 Cypro
617 2880 721 2942 insula
740 2879 829 2942 fratri
846 2878 1061 2960 restituenda,
1074 2879 1200 2969 signifi·

151 2999 269 3046 *urent
281 2983 329 3046 Te
340 3004 444 3062 nunc,
453 2981 491 3045 Τ.
504 2982 822 3068 Torquate,appello
832 3029 841 3060 ,
852 2998 968 3068 teque,
981 2983 1040 3045 Cn.
1056 2982 1199 3065 Merula,

105 3082 107 3087 ’
147 3084 344 3149 ·teneritisue
370 3081 615 3162 Alexandriam,
637 3081 787 3144 mandata
813 3099 944 3146 senatus
970 3068 1200 3172 exposueritis,

147 3201 210 3267 «pro
227 3182 306 3265 fide,
326 3205 386 3271 pro
405 3181 576 3270 prudentia
600 3200 705 3248 vestra
724 3185 993 3271 praetermiseritis
1017 3185 1113 3267 nihil,
1133 3208 1201 3272 quo

144 3284 296 3348 ‹auimum
314 3282 550 3349 intractabilem
570 3283 737 3359 docendo,
757 3286 942 3368 monendo,
962 3286 1143 3368 hortando,
1160 3285 1202 3352 ad

142 3386 284 3451 «meliora
293 3385 427 3450 consilia
438 3384 630 3451 flecteretis?
636 3388 685 3451 lta
695 3405 782 3452 certe
792 3387 1052 3452 avobisabunde
1063 3389 1201 3472 Iactum3

140 3505 259 3574 tueque
273 3487 470 3574 quidquam,
482 3486 573 3575 quod
586 3488 628 3551 ab
641 3489 831 3554 hominibus
845 3492 943 3557 vestri
961 3491 1023 3555 loci
1036 3491 1204 3579 animique

136 3590 333 3676 «exspectari
348 3591 395 3653 las
412 3605 475 3669 est,
492 3589 606 3655 defuit.

171 3691 212 3755 X.
230 3722 243 3745 n
263 3694 307 3755 At
326 3714 393 3778 quo
409 3714 562 3757 successu
584 3710 769 3781 eventuque
786 3695 847 3758 ista
866 3693 1007 3758 factitata
1030 3695 1113 3770 sint,
1134 3694 1199 3771 jam

131 3791 246 3873 «olim,
258 3792 388 3880 opinor,
401 3791 513 3856 Patres
528 3795 703 3882 conscripti
716 3843 725 3876 ,
737 3795 788 3859 bis
805 3795 883 3883 ipsis
893 3796 1129 3877 referentibus,
1143 3818 1199 3858 co-

127 3894 315 3984 ngnovistis.
341 3895 390 3957 lta
413 3910 490 3958 sunt
508 3895 723 3961 circumducti
747 3896 934 3977 fraudibus,
953 3913 991 3960 ut
1013 3911 1197 3977 constaret,

155 4096 172 4161 ς
185 4097 247 4145 vn.
263 4093 353 4158 Polyb.
364 4095 480 4158 Excerpe
492 4095 575 4160 legat.
589 4096 647 4146 nc.
