2654 4830
51 365 1128 389 fflfflfflfflfflfflfflfflfflssssfflt55fflmfflssstssm

197 561 486 651 JOANNIS
520 561 984 651 FREINSHEMII

102 779 1080 966 suupnuusuuouuu

281 1123 901 1252 mvmuoucu

446 1406 625 1485 LIBER
660 1406 724 1483 XI
840 1440 845 1453 ⁴

228 1629 277 1686 IN
303 1624 460 1684 Locum
484 1624 606 1682 letl
629 1624 735 1681 XLVI
761 1624 945 1682 LIVIANI.

390 1849 783 1884 ...asp-...m

462 2048 705 2118 ΕΡΙΤΟΜΕ

236 2228 365 2324 Llsttt
393 2226 762 2299 Qusussccslffl
788 2228 941 2287 suxrt

39 2392 184 2443 Eumenes
201 2404 248 2439 rex
263 2385 374 2437 Romam
391 2382 463 2436 veuit
479 2398 487 2434 :
505 2382 569 2453 qui,
584 2382 648 2453 qnia
668 2382 842 2437 macedonico
864 2383 935 2438 bello
955 2403 983 2439 se
1002 2386 1119 2440 medium

79 2483 195 2545 egerat,
208 2489 243 2523 ue
256 2480 302 2522 aut
317 2467 401 2521 hostis
413 2464 547 2541 judicatus
564 2465 711 2531 videretur,
725 2467 748 2519 si
761 2466 882 2521 exclusus
895 2480 979 2533 esset,
994 2482 1040 2522 aut
1055 2469 1119 2524 libe·

77 2571 159 2610 ratus
172 2554 301 2616 crimine,
318 2552 339 2604 si
351 2550 550 2614 admitteretur,
566 2549 595 2601 in
609 2568 750 2603 commune
766 2551 807 2603 lex
821 2551 874 2604 luta
889 2563 945 2615 est,
960 2571 995 2605 ne
1008 2553 1052 2607 cui
1064 2556 1119 2626 regi

79 2644 199 2694 Romam
215 2638 307 2692 venire
326 2636 424 2689 liceret.
450 2632 579 2688 Claudius
600 2632 743 2687 Marcellus
765 2634 858 2688 consul
883 2635 986 2706 alpinos
1009 2635 1119 2701 Gallos,

78 2732 113 2780 C.
128 2722 264 2796 Sulpicius
276 2720 370 2774 Gallus
383 2718 476 2771 consul
489 2717 599 2788 Ligures
614 2716 728 2788 subegit.
746 2716 839 2789 Legati
856 2718 953 2770 Prusia
970 2719 1041 2788 regis
1054 2738 1119 2773 cou-

79 2807 173 2879 qnesti
187 2816 248 2858 sunt
260 2803 295 2856 de
304 2803 439 2863 Eumene,
449 2799 522 2871 quod
535 2799 601 2852 fines
613 2819 676 2853 suos
687 2799 893 2873 depopularetur
903 2819 910 2863 ;
928 2801 1120 2874 dixeruntque,

79 2909 150 2944 enm
165 2886 330 2959 conspirasse
347 2904 409 2939 cum
425 2882 557 2937 Antiocho
575 2895 668 2936 contra
684 2884 813 2955 populum
830 2903 982 2939 romanum.
1005 2887 1120 2939 Societas

80 2992 149 3028 enm
160 2970 268 3025 Rhodiis
279 2968 482 3041 deprecantibus
491 2970 583 3040 junctu
595 2979 642 3019 est.
653 2969 780 3020 Lustrum
792 2987 808 3020 a
819 2970 972 3021 censoribus
983 2970 1118 3022 conditum

81 3069 134 3109 est.
158 3055 246 3107 Censa
264 3062 326 3106 suut
342 3052 441 3105 civium
458 3050 545 3121 capita
563 3061 680 3103 trecenta
696 3050 789 3122 viginti
808 3063 907 3123 septem
926 3052 1009 3105 millia
1027 3053 1120 3124 viginti

79 3138 151 3193 duo.
160 3138 285 3208 Princeps
295 3147 402 3189 senatus
411 3135 494 3188 lectus
503 3135 541 3188 Μ.
550 3133 803 3206 AEmiliuchpidns.
813 3137 979 3201 Ptolomeus,
986 3138 1120 3210 AEgyptio-

80 3241 148 3277 rum
159 3241 220 3285 rex,
231 3220 322 3293 pulsus
336 3239 420 3292 regno
434 3238 450 3273 a
464 3220 569 3271 minore
581 3218 680 3282 fratre,
694 3217 780 3272 missis
795 3218 830 3273 ud
848 3239 909 3272 eum
925 3221 1031 3292 legatis,
1045 3220 1119 3273 resti·

80 3317 159 3357 tutus
170 3315 218 3355 est.
230 3302 384 3365 Ariarathe,
395 3301 569 3373 Cappadocia
581 3322 658 3374 rege,
674 3314 798 3367 mortuo,
815 3303 887 3356 lilius
900 3309 956 3378 ejus
967 3305 1119 3357 Ariarathes

79 3405 197 3459 regnum
214 3387 329 3457 accepit,
345 3398 370 3439 et
386 3387 528 3439 amicitiam
545 3405 606 3439 cum
623 3388 722 3459 populo
738 3408 850 3441 romano
864 3408 910 3460 per
927 3391 1027 3461 legatos
1041 3409 1118 3441 reno-

79 3471 170 3525 vavit.
183 3472 232 3523 lles
245 3482 370 3542 preterea
387 3469 512 3523 adversus
525 3470 653 3542 Ligures,
669 3484 695 3523 et
708 3473 818 3536 Corsos,
833 3485 859 3526 et
872 3473 1030 3537 Lusitanos,
1044 3475 1118 3525 vario

78 3565 182 3607 eventu
196 3565 294 3624 gestas,
312 3566 338 3606 et
354 3566 442 3607 motus
459 3555 558 3627 Syriae,
575 3568 680 3610 mortuo
696 3558 844 3622 Antiocho,
862 3559 908 3629 qui
925 3558 1010 3611 filium
1026 3559 1118 3610 Antio-

78 3640 166 3691 chum
175 3656 288 3708 pnerum
296 3636 440 3690 admodum
448 3638 602 3710 reliquerat,
610 3640 734 3694 continet.
741 3642 818 3694 Hunc
825 3643 985 3696 Antiochum
993 3661 1117 3714 puerum,

79 3739 147 3775 cum
166 3722 243 3792 Lysia
261 3733 347 3774 tutore
363 3727 433 3795 ejus,
448 3723 612 3787 Demetrius,
628 3725 730 3778 Seleuci
747 3726 835 3790 lilius,
851 3728 897 3798 qui
913 3729 1023 3779 Romam
1042 3728 1118 3779 obses

80 3807 182 3859 missus
193 3806 292 3869 luerat,
307 3806 392 3868 clam,
404 3807 468 3878 quia
481 3808 589 3860 minime
600 3806 780 3862 dimittebatur
793 3830 808 3863 a
820 3813 959 3871 Romanis,
970 3811 1116 3873 interemit;

78 3902 108 3943 et
128 3888 184 3960 ipse
204 3891 232 3941 in
252 3908 363 3959 regnum
382 3903 511 3962 receptus.
534 3893 564 3944 L.
584 3893 691 3946 AEmilio
707 3895 807 3960 Paulo,
824 3895 870 3967 qui
890 3895 985 3950 Persen
1002 3896 1116 3956 vicerat,

78 3985 206 4038 mortuo,
220 3986 292 4028 tanta
303 3975 360 4045 ejus
371 3975 528 4028 abstinentia
543 3976 610 4037 tuit,
628 3989 673 4041 nt,
690 3997 774 4048 quum
790 3998 821 4031 ex
836 3979 961 4050 Hispanis
976 3991 1047 4031 etex
1062 3978 1117 4027 Μει-

78 4055 198 4111 cedonia
215 4076 278 4129 opes
292 4057 437 4124 retulisset,
447 4059 489 4111 vix
507 4078 538 4111 ex
556 4060 679 4113 auctione
693 4061 824 4115 bonorum
844 4065 899 4134 ejus
917 4063 1053 4116 redactum
1067 4061 1114 4123 sit,

147 4156 212 4223 IX.
930 4186 938 4227 ι
