2654 4830
131 342 176 411 28
301 342 368 409 to.
396 340 743 409 FREINSIIEMII
773 340 1017 410 SUPPLEM.

126 460 169 527 sd
180 460 305 548 aliquot
316 457 385 523 dies
399 460 604 545 Torquatum
618 460 737 522 frustra
746 475 977 548 exspectasset,
990 461 1052 524 Cn.
1064 454 1191 550 quoque

124 562 261 633 Merulae
275 562 450 650 persuasit,
463 577 501 624 ut
513 561 740 625 Alexandriam
753 577 919 650 pergeret,
930 561 1078 625 animum
1092 561 1191 629 fratris

124 665 220 730 citius
242 664 419 752 expugnari
441 684 536 750 posse
554 663 746 727 auctoritate
765 661 907 728 duorum
929 662 1116 728 arbitratus.
1135 664 1191 730 set

124 766 190 830 hoc
209 787 343 853 quoque
359 764 534 828 consilium
554 763 675 828 frrtstra
688 763 768 843 fuit,
783 764 917 828 ratenus
936 764 1136 829 Alexandria
1149 766 1191 829 le·

124 866 222 956 gatis,
243 887 327 952 quos
349 864 453 943 major
472 865 665 929 Ptolemaeus
686 865 777 928 omni
803 882 872 929 arte
894 867 1060 948 versabat,
1085 888 1129 930 ue
1147 868 1192 930 rel

127 965 300 1056 perficere,
310 966 402 1054 quod
413 967 636 1046 instituerant,
648 966 798 1054 relprius
815 966 958 1056 regredi,
969 989 1069 1055 quam
1084 988 1124 1030 ex
1139 968 1193 1031 uti·

126 1069 216 1135 litate
228 1070 332 1158 regis,
343 1084 486 1157 possent.
498 1071 546 1132 Ita
556 1091 659 1157 quum
674 1068 826 1157 Physcon
838 1068 880 1133 ad
892 1069 973 1158 Apin
985 1068 1103 1133 diebus
1116 1091 1191 1158 qua·

125 1168 272 1260 draginta
287 1170 509 1259 nequidquam
528 1170 690 1247 haesisset,
709 1169 773 1234 alio
795 1186 948 1258 preterea
964 1169 1095 1250 majoris
1112 1169 1192 1236 tedii

104 1308 107 1319 ·
127 1271 246 1334 nuntio
264 1272 432 1358 perculsus
451 1285 510 1335 est.

173 1371 229 1436 vl.
247 1372 378 1460 Quippe
396 1372 582 1436 deficientes
595 1373 732 1460 Cyrenae
750 1374 826 1438 alias
846 1395 979 1461 quoque
996 1373 1144 1439 civitates
1157 1372 1193 1439 ad

127 1494 325 1537 consensum
349 1490 529 1556 traxerant,
553 1473 728 1562 aderatque
747 1476 787 1539 iis
806 1476 914 1540 socius
934 1476 1148 1541 consiliosum
1165 1492 1192 1541 ct

126 1574 256 1655 adjutor
272 1576 481 1656 Ptolemaeus,
493 1575 546 1640 cui
558 1599 628 1658 rex,
645 1577 782 1640 Romam
798 1574 1020 1664 proficiscens,
1035 1600 1192 1643 summam

126 1698 237 1740 rerum
247 1675 464 1741 mandaverat.
477 1678 547 1740 Hoc
555 1678 673 1740 nuntio
682 1678 736 1742 vix
744 1680 1087 1765 peracto,supervenit
1095 1676 1191 1757 aliud,

120 1777 197 1869 jam
211 1781 244 1841 in
261 1779 358 1841 armis
370 1777 538 1867 defectores
556 1801 617 1842 esse
625 1824 635 1858 ,
657 1793 828 1869 coactoque
847 1781 989 1843 exeram
1001 1795 1109 1844 castra
1124 1780 1191 1844 locis

127 1884 245 1969 apertas
263 1880 386 1944 maeri.
406 1881 615 1969 Quapropter
632 1882 781 1945 amittere
797 1884 945 1969 Cyrenen
963 1881 1103 1963 timeus,
1120 1881 1189 1946 dun

129 1984 275 2068 Cyprum
289 1980 398 2046 studet
412 1981 566 2063 adjicere,
583 1981 683 2047 dilato
694 1982 759 2049 hoc
773 1982 909 2046 oonsilio
925 1984 1075 2070 Cyrenen
1088 2000 1189 2046 versut

125 2080 189 2143 iter
199 2081 349 2147 instituit.
364 2084 525 2146 Craterum
536 2105 644 2170 neque
655 2083 771 2166 minis,
782 2106 890 2170 neque
899 2082 1070 2170 precibus,
1082 2080 1189 2148 adduu'

127 2199 264 2272 potuere
280 2187 499 2274 Cyrenenses,
517 2202 554 2248 ut
572 2208 660 2249 arma
678 2202 857 2274 ponerent,
874 2201 907 2248 et
923 2184 1058 2249 immitis
1075 2181 1189 2249 domini

123 2287 242 2375 jugum
251 2302 369 2375 sponte
381 2286 546 2368 subirent,
557 2285 649 2367 cujus
659 2288 883 2352 crudelitatem
897 2285 1098 2351 Alexandriae
1110 2283 1190 2350 malit

126 2386 260 2452 abunde
275 2404 422 2452 testatam
437 2404 612 2470 noverant,
624 2389 878 2477 horrebantque.
893 2391 1010 2476 ltaque
1023 2404 1101 2476 post
1115 2388 1190 2452 leret

129 2488 255 2576 aliquot
270 2488 471 2552 velitationes
487 2490 587 2578 signis
604 2490 727 2554 collatis
745 2506 904 2554 certatum
921 2504 988 2570 est,
1009 2489 1192 2578 victumque

19 2665 23 2671 ι
128 2610 240 2679 regem
257 2592 460 2676 Cyrenenses
477 2590 676 2677 repulerunt.

174 2693 248 2756 Vll.
263 2691 371 2756 Rediit
385 2707 454 2754 turn
467 2690 508 2754 ad
522 2714 597 2754 eum
614 2694 674 2756 Cn.
692 2691 834 2773 Merula,
848 2714 987 2782 negans,
1003 2715 1026 2755 a
1039 2692 1192 2757 Philome·

128 2807 193 2856 tore
213 2794 390 2881 quidquam
410 2796 571 2881 ιἠφοτναφί
585 2796 743 2880 potuisse,
769 2808 979 2873 asseverante,
992 2807 1099 2881 paeto
1122 2794 1193 2855 sitm

117 2890 244 2980 fratres
261 2894 337 2957 elain
362 2896 459 2973 im'ta,·
481 2917 579 2982 neque
603 2915 684 2973 esse,
704 2917 762 2958 cur
775 2900 895 2959 mutan'
913 2917 953 2958 ea
964 2943 975 2975 ,
998 2892 1057 2957 vel
1081 2888 1194 2958 abead

129 3007 280 3081 oporteat.
293 2996 398 3084 Igitur
409 3018 448 3058 ex
462 2995 528 3059 suis
539 2995 722 3059 Comanum
737 3011 770 3060 et
783 2997 996 3060 Ptolemaeum
1010 2996 1128 3060 fratres
1144 2991 1192 3060 ad·
1206 3018 1209 3022 ·

125 3094 235 3183 jungit
252 3096 400 3176 Meruloe,
421 3112 458 3159 ut
476 3095 517 3158 de
537 3098 620 3186 rugis
638 3098 836 3162 alexandrini
854 3098 1025 3186 iniquitate
1041 3097 1133 3186 apud
1151 3117 1193 3162 st·

129 3210 243 3259 natum
254 3213 444 3282 querantur.
456 3197 724 3263 Introductorum
738 3200 771 3263 in
783 3201 908 3264 curiam
920 3200 989 3264 hac
1001 3200 1110 3264 oratio
1118 3199 1194 3263 luit:

132 3293 264 3359 Gratim
286 3299 410 3360 amomi
430 3296 611 3387 populoque
634 3320 764 3364 romano
787 3324 891 3389 regem
899 3348 910 3382 ,
942 3303 1069 3389 gratam
1088 3300 1196 3389 legati

126 3418 220 3484 agere
234 3419 247 3458 .·
267 3419 364 3485 neque
391 3399 474 3461 anun
489 3421 551 3488 per
575 3399 631 3464 dos
656 3405 786 3483 stetisse,
808 3427 870 3492 qun
898 3405 1001 3466 remiss
1028 3402 1199 3466 alterorum

126 3500 314 3563 auctoretate
335 3522 473 3588 curaque
482 3549 493 3581 ‚
507 3503 679 3567 alterorum
692 3504 799 3569 labore
817 3528 858 3569 ac
869 3528 964 3595 opera
973 3501 1084 3592 finem
1107 3520 1198 3570 voto-

129 3621 200 3663 rum
213 3622 341 3663 suorum
357 3601 557 3681 obtinumet;
575 3607 636 3667 nisi
644 3603 768 3692 fratris
790 3608 891 3694 t'nr'rpui
904 3607 979 3670 dolo
999 3610 1205 3673 cmumventi

130 3698 377 3788 omnessorent:
385 3724 483 3790 neque
493 3706 694 3786 mirmsdum,
709 3710 738 3770 si
746 3722 887 3772 senam
899 3712 1100 3798 conternpttu',
1114 3713 1146 3774 εἰ
1158 3708 1202 3773 a·

126 3815 220 3888 gatos
230 3801 364 3866 ludtdrio
378 3804 546 3884 habuisset,
562 3807 655 3871 homo
670 3823 791 3896 proeter
798 3807 998 3897 prefitndam
1012 3808 1210 3875 dominandi

128 3904 329 3993 capritanum
344 3928 409 3969 non
422 3909 539 3971 rationi
550 3906 610 3972 ult·
618 3956 628 3988 ,
642 3932 706 3974 non
725 3907 861 3998 affectui
874 3909 1078 4003 peramabilis
1088 3933 1103 3974 .·
1115 3912 1210 4001 aprsd

166 4100 181 4162 S
194 4102 239 4150 tl.
250 4103 341 4151 Juatin.
353 4105 397 4155 th.
408 4105 564 4165 xxxvut,
577 4122 632 4170 cap.
645 4109 668 4156 8.
