2654 4830
268 341 324 410 m
352 338 465 410 noc.
492 340 587 409 tm.
611 340 763 412 xuvu
791 326 1004 419 murini.
1042 322 1045 333 '
1126 365 1169 438 η

105 478 150 528 est
163 485 171 527 τ
185 483 264 525 nam
280 461 368 548 apud
383 460 560 549 prudentes
581 460 734 548 pleraque
749 461 822 525 ritae
843 459 948 527 officia
970 463 1172 550 temporibus

105 563 363 644 distribuuntur3
381 585 522 650 quorum
539 562 658 651 negligi
675 563 834 627 rationem
849 565 905 651 qui
921 587 1036 652 parurn
1053 566 1174 631 referre

105 681 240 753 putant,
257 664 436 728 utilissimae
452 664 499 728 rei
513 664 655 752 pretium
674 686 741 753 non
760 666 955 753 intelligunt.
974 667 1173 732 Iidem-cen·

105 788 210 847 sores,
224 781 263 830 ut
274 765 464 847 ambitioni,
474 766 557 828 vires
574 764 722 852 quotidie
738 769 896 850 sumenti,
908 768 953 832 sic
966 790 1098 857 quoque
1109 770 1173 834 ire·

105 883 157 948 tur
170 868 324 948 obviarn,
337 889 442 955 quum
458 867 567 931 multae
583 867 703 953 passim
717 868 799 932 circa
812 869 921 932 forum
936 883 1049 932 statute
1065 884 1174 936 esseut

105 970 237 1057 positae,
254 970 456 1033 sustulerunt
481 990 612 1049 omnes,
639 968 781 1056 exceptis
805 990 877 1055 quae
905 967 946 1031 de
968 984 1099 1032 senatus
1118 981 1175 1031 aut

105 1072 218 1159 populi
239 1072 399 1135 sententia
421 1086 547 1135 statutae
564 1084 693 1134 essent:
709 1070 743 1133 in
765 1069 834 1149 his,
852 1076 950 1156 quam
967 1068 1055 1157 apud
1072 1068 1174 1134 aedem

105 1173 245 1237 Telluris
255 1174 310 1261 Sp.
323 1172 470 1252 Cassius,
483 1172 540 1260 qui
551 1194 688 1260 regnum
701 1169 879 1249 affectavit,
895 1186 1064 1256 posuerat,
1078 1169 1176 1234 etiarn

105 1271 299 1337 conflavero.
316 1273 480 1360 Operum,
492 1295 564 1360 quae
578 1272 611 1334 in
631 1294 767 1335 censura
782 1271 843 1333 hac
858 1270 961 1334 locata
974 1286 1067 1352 sunt,
1080 1269 1176 1334 nobi·

106 1371 268 1437 lissimum
281 1374 426 1462 porticus
443 1374 478 1436 in
496 1373 656 1460 Capitolio
674 1371 786 1436 fuere:
801 1371 920 1435 locavit
938 1372 973 1435 P.
992 1371 1174 1437 Cornelius.

108 1476 264 1540 Lustrum
274 1476 310 1538 hi
319 1474 536 1539 feceruntsub
547 1476 668 1539 exitum
681 1474 885 1563 magistratus
895 1473 945 1536 sui
954 1519 962 1554 ,
971 1473 1175 1537 consulatum

111 1576 169 1655 iam
188 1577 376 1667 gerentibus
393 1576 438 1639 Μ.
456 1576 589 1641 AEmilio
603 1577 648 1640 M.
662 1578 697 1640 F.
709 1576 754 1640 M.
772 1576 812 1640 N.
828 1575 969 1663 Lepido,
991 1578 1027 1640 C.
1047 1576 1174 1663 Popilio

114 1675 146 1740 P.
156 1679 190 1741 F.
206 1678 243 1740 P.
257 1677 299 1740 N.
316 1679 442 1740 Laenate
461 1677 591 1741 iterum.

154 1777 207 1841 IV.
222 1776 285 1840 Hic
300 1776 398 1840 etiam
414 1800 519 1840 annus
532 1777 680 1865 pluribus
694 1801 808 1869 regum
820 1781 975 1869 negotiis,
988 1802 1086 1869 quam
1098 1802 1177 1868 pro·

123 1879 205 1965 puis,
221 1896 397 1968 occupatos
416 1881 526 1944 Patres
545 1880 668 1945 habuit.
690 1883 882 1946 Ptolemaeus
900 1885 986 1946 enirn
1005 1885 1176 1973 Physcon,

127 2001 229 2071 magno
248 2005 325 2046 cum
350 1983 459 2047 favore
476 1982 630 2048 dimissus
646 1985 687 2048 ab
710 2000 842 2066 senatu,
859 1986 893 2047 in
918 1985 1041 2050 Graecia
1058 1986 1177 2051 validas

131 2085 386 2148 mercenariorum
409 2085 517 2173 copias
537 2084 702 2149 conduxit.
721 2087 855 2175 Recepit
873 2101 905 2148 et
926 2088 1176 2176 Damasippum,

133 2205 228 2269 genere
238 2186 467 2262 Macedonem,
481 2188 537 2274 qui
549 2188 710 2275 proximas
721 2187 807 2252 inter
819 2188 930 2251 turbas
946 2189 1078 2275 publico
1095 2212 1175 2254 con·

136 2283 203 2368 silio,
216 2288 307 2376 quod
320 2289 419 2353 Phaci
435 2289 552 2369 fuerat,
569 2289 780 2376 interempto,
797 2311 872 2353 cum
889 2309 991 2354 uxore
1004 2289 1179 2378 liberisque

134 2389 354 2454 amacedonia
365 2391 560 2480 profugerat.
578 2393 660 2454 Cum
672 2390 723 2453 bis
735 2391 767 2453 in
780 2390 961 2478 oppositam
976 2390 1094 2455 Rhodo
1103 2414 1181 2455 con·
1268 2412 1270 2416 “

137 2485 267 2554 mentem
292 2508 528 2579 transgressus,
547 2508 579 2555 et
595 2491 798 2578 hospitaliter
818 2508 971 2579 exceptus
990 2496 1008 2554 i
1024 2492 1178 2576 Rhodiis,

137 2592 260 2680 navigare
276 2594 421 2681 Cyprum
437 2607 607 2656 statuerat:
621 2593 682 2655 nisi
698 2591 735 2655 T.
750 2593 891 2656 Manlius
908 2594 1108 2679 Torquatus,
1121 2593 1179 2680 qui

137 2684 270 2779 legatione
289 2695 330 2757 ab
346 2711 461 2758 senatu
475 2694 690 2784 fungebatur,
708 2693 904 2773 monuisset,
924 2708 1035 2756 contra
1059 2707 1179 2756 senten·

136 2793 191 2857 “wan
207 2797 341 2860 Patrum
355 2795 527 2884 facturum
546 2796 648 2858 veleri
654 2842 664 2873 ‚
682 2800 741 2883 qui
758 2817 827 2857 eunt
848 2797 928 2856 citra
943 2796 1009 2856 nim
1014 2794 1182 2882 jussissent

135 2895 225 2960 reduci.
242 2897 340 2960 Unde
358 2914 523 2984 postremo
541 2897 720 2977 consensit,
739 2912 790 2976 ut,
811 2895 943 2959 dimisso
967 2896 1049 2961 circa
1068 2895 1177 2959 Sidam

136 2996 227 3081 milite,
246 3001 356 3087 Cypro
374 3000 566 3079 abstineret,
578 3014 611 3061 et
629 2999 661 3061 in
680 2996 798 3061 finibus
815 3000 957 3084 Cyrenes
974 2998 1179 3085 Torquatum

132 3101 328 3185 opperiretur,
342 3101 413 3188 qui,
430 3125 461 3163 se
479 3114 563 3164 reeta
580 3098 800 3189 profecturum
817 3099 1073 3178 Alexandriam,
1093 3097 1180 3163 dice·

130 3193 187 3280 hat,
201 3202 387 3265 utadducto
404 3205 436 3264 in
450 3224 540 3265 suam
559 3203 742 3266 sententium
761 3223 834 3287 rege
843 3250 853 3282 ‚
866 3224 932 3265 una
948 3224 1019 3265 cum
1035 3204 1100 3289 ipso
1114 3224 1180 3265 eos·

127 3297 185 3364 dem
204 3303 251 3364 ad
261 3300 354 3388 fines
376 3319 555 3367 occurreret.

162 3400 197 3468 V.
221 3407 271 3469 Ita
288 3427 364 3467 cum
384 3406 485 3468 altero
501 3406 681 3494 legatorum
699 3406 759 3468 Cn.
777 3404 919 3486 Merula,
935 3422 967 3467 et
985 3405 1182 3492 Damasippo

123 3505 308 3587 macedone,
325 3507 360 3568 in
372 3508 498 3570 Cretam
514 3530 547 3571 se
561 3507 716 3587 contulit3
730 3506 968 3594 conductisque
981 3507 1068 3570 mille
1083 3506 1184 3570 ferme

120 3589 337 3690 Cretensibus,
362 3609 521 3697 navigavit
541 3610 574 3672 in
602 3609 736 3697 Libyam
762 3608 905 3698 AEgypto
929 3608 1183 3689 conterminam,

116 3709 227 3798 ibique
242 3711 451 3775 exscensione
467 3712 568 3791 facta,
583 3727 685 3775 castra
701 3709 742 3774 ad
759 3710 845 3798 Apin
862 3709 982 3797 posuit.
1000 3709 1062 3773 Hic
1081 3732 1184 3797 quum

146 3935 165 4000 s
177 3937 225 3983 111.
239 3936 368 3995 etism,
381 3937 422 3986 eo.
438 3963 473 3973 —
485 3936 612 3987 Censorin.
629 3937 659 3986 de
672 3938 719 3985 oie
734 3937 825 3998 natali,
835 3923 890 4003 cap.
904 3938 946 3986 23.
961 3965 997 3976 -
1012 3939 1039 3985 t.
1050 3936 1107 3986 Piso
1120 3935 1187 4000 apud

111 4021 314 4080 etin.xnx1v‚
328 4022 354 4069 6.
370 4049 405 4058 -
422 4023 495 4071 Auct.
512 4022 543 4072 dc
553 4024 607 4070 Vir.
619 4022 653 4070 ill.
666 4039 722 4088 cap.
738 4029 780 4078 te.
793 4022 901 4072 -vut
913 4025 950 4085 11,
964 4038 974 4070 r
991 4034 1015 4072 et
1029 4023 1052 4070 3.
1067 4048 1101 4060 -
1112 4019 1129 4086 s
1142 4021 1189 4079 IV,

109 4105 203 4170 Polyb.
215 4106 332 4171 Excerpe
344 4105 402 4171 Leg.
414 4107 472 4155 115.
755 4109 757 4113 ’
