2654 4830
125 306 172 389 48
303 308 736 377 JO.FRE1NSHElllII
764 308 1008 382 SUPPLEM.

124 433 306 499 auxiliarios
318 432 442 519 equites
452 431 637 497 adduceret.
649 435 812 523 Excepere
818 435 969 499 Celtiberi
979 414 1186 503 redeuntem:

125 535 315 622 insidiisque
327 556 441 598 corum
453 534 634 621 conspectis
643 583 652 609 ,
660 535 824 598 sociorum
835 535 999 622 equitatus
1013 535 1188 625 fugit3Bie·

125 637 203 716 sius,
212 635 372 721 multique
383 635 987 725 cumcoRomani,lortitcrpugnantes
995 637 1188 705 occuhucre.

124 738 205 800 'Pam
216 735 338 800 crebris
348 736 508 800 bellorum
518 736 757 800 offensionibus
770 738 931 801 sollicitati
939 738 1109 803 sociorum
1118 754 1190 803 sunt

124 837 224 901 animi
238 860 245 900 ε
260 853 292 900 ct
308 837 408 901 Ocilis
423 837 501 900 urbs
516 837 668 926 gentibus
682 838 744 901 illis
759 838 858 920 clara,
872 839 928 902 ubi
943 861 1080 903 annona
1092 856 1126 905 ct
1137 862 1189 930 po

124 939 229 1003 cunio
243 940 467 1003 Romanorum
482 938 703 1019 servabantur,
711 936 754 1001 ad
768 938 946 1003 Celtiberos
957 936 1090 1005 defecit.
1107 940 1189 1005 Gon·

124 1038 193 1116 sul,
210 1039 306 1103 etium
322 1039 445 1103 cacteris
461 1038 548 1101 idem
565 1039 664 1102 animi
683 1061 752 1102 esse
766 1040 962 1127 suspicatus,
974 1040 1040 1105 sub
1055 1040 1188 1130 pellibus

127 1140 279 1204 lriernurit
296 1164 303 1206 :
323 1140 367 1203 ibi
389 1140 483 1204 urtdti
500 1140 641 1203 militum
665 1141 801 1228 penuria
818 1158 876 1205 aut
890 1142 1030 1230 frigore,
1045 1142 1190 1207 sedebat

123 1241 213 1305 cuitu
224 1244 306 1307 acris
318 1243 440 1319 bierns,
451 1241 600 1303 exstincti
611 1257 698 1306 sunt.
711 1243 783 1306 Hoc
794 1243 923 1306 initium
935 1242 998 1307 fuit
1008 1244 1187 1309 numantini

125 1342 218 1425 belli,
238 1342 328 1433 quud
346 1364 463 1431 magna
477 1362 554 1405 cum
570 1341 661 1405 clade
674 1364 712 1407 ac
724 1344 903 1432 ignominia
918 1345 1035 1432 populi
1052 1345 1185 1421 romam,
1219 1384 1221 1397 ι

124 1446 314 1511 ritusitnum
329 1445 506 1509 adnutum
522 1442 720 1531 productum
735 1461 783 1508 est
796 1469 804 1509 :
816 1462 904 1509 tanta
914 1445 1114 1534 plerumque
1125 1448 1185 1510 rio·

123 1546 238 1617 leutiu.
251 1565 287 1611 nt
299 1568 366 1611 non
380 1560 445 1607 tarn
456 1542 499 1607 dc
509 1566 566 1623 eo,
577 1560 650 1609 uter
659 1546 800 1633 populus
810 1547 998 1636 imperaret,
1007 1569 1110 1635 quam
1122 1564 1184 1613 uter

123 1664 428 1735 essct,sttsu·ptu1u
444 1644 619 1709 videretur.

170 1751 237 1815 tn.
264 1752 301 1814 :lt
327 1750 359 1813 in
384 1748 538 1811 ulteriore
559 1748 712 1835 Hispania
730 1750 765 1813 L.
783 1749 962 1814 Mummius
979 1768 1104 1839 praetor
1118 1772 1179 1817 ctam

124 1856 368 1939 (bustumquent
378 1851 411 1913 in
422 1849 520 1913 occisi
529 1848 622 1913 ducis
633 1850 743 1936 punici
752 1851 860 1914 locum
869 1851 1178 1931 suffecerantbostcs,

123 1954 248 2021 collutis
268 1954 368 2043 signis
389 1951 563 2015 dimicarit.
586 1951 704 2015 Pulsus
725 1974 800 2014 cum
822 1951 912 2016 clade
933 1954 1119 2041 Hispanus,
1132 1952 1177 2017 ubi

125 2058 281 2121 victurum
292 2056 468 2119 exercitum
477 2070 598 2117 temere
610 2052 737 2141 insequi
747 2053 899 2141 neglectis
907 2053 1176 2131 ordinibusviden
1197 2100 1200 2105 -

125 2158 316 2225 ‹tilius-tatur
334 2178 429 2234 striis,
448 2156 609 2219 convertit
628 2176 762 2242 agmen,
782 2155 962 2243 occisisque
981 2156 1025 2221 de
1041 2155 1176 2223 Mummii

124 2261 268 2329 cicuitu
285 2281 401 2323 rios-tun
416 2257 574 2335 millibus,
588 2254 727 2342 praedant
739 2271 909 2344 castraque
916 2256 982 2335 jam
995 2259 1112 2323 amissa
1123 2277 1176 2322 non

126 2362 226 2431 undo
236 2374 420 2448 nuttperat,
430 2380 544 2421 rerum
555 2357 652 2421 etiam
661 2358 774 2421 castris
783 2360 926 2422 romanis
936 2360 1074 2447 potitur.
1086 2360 1178 2426 Mum·

127 2466 227 2533 ruins.
244 2462 296 2526 cni
313 2462 460 2547 quinque
479 2459 608 2522 circiter
622 2458 720 2521 millia
739 2459 878 2522 militum
896 2476 1104 2546 supererant,
1123 2482 1178 2524 noa

126 2588 225 2633 uiuus
246 2578 399 2651 ptutcrca
414 2562 541 2648 «opiam
558 2558 725 2647 pugnandi
747 2561 869 2639 facere,
892 2562 971 2625 tutis
991 2561 1073 2625 locis
1092 2577 1181 2628 castrt

127 2690 267 2760 potiens,
280 2667 362 2728 intur
376 2664 496 2725 vallum
509 2661 653 2725 studiose
664 2662 830 2724 exercebat
842 2684 937 2741 suos,
947 2660 1057 2726 donec
1065 2684 1183 2752 parum·
1218 2738 1221 2763 Ι

128 2792 185 2857 prr
198 2768 323 2831 rudinus
338 2765 526 2828 territorum
543 2761 759 2826 corifirmaret.
775 2764 859 2825 Turn
875 2765 908 2826 in
923 2765 1184 2851 praeteruehentes

128 2868 242 2957 prada*
263 2882 386 2953 partem
409 2864 562 2927 barbarus
586 2865 758 2950 eruptione
781 2864 880 2943 lacta,
899 2862 1025 2944 disjecit
1047 2866 1186 2945 hostem,
1213 2902 1218 2909 ·

128 2968 333 3059 pruduutqnc
352 2982 383 3030 ct
410 2968 516 3055 signa,
537 2988 609 3052 quae
631 2966 795 3045 amiserat,
817 2967 964 3030 militaria
981 2971 1187 3058 recuperarit.

126 3070 243 3135 lisdem
256 3069 372 3132 dicbus
383 3070 526 3131 colentes
538 3069 583 3129 cis
595 3067 623 3128 Τ
624 3089 720 3153 agum
732 3088 861 3129 amnem
876 3068 1105 3134 Lusitanorum
1120 3070 1191 3135 ciri·

128 3190 218 3251 tutes,
228 3176 391 3233 (luucoeno
403 3168 504 3246 duce,
517 3169 648 3228 Cuncos
659 3167 803 3228 invasere
812 3169 918 3231 socios
928 3171 1039 3259 populi
1050 3174 1191 3254 romani,

126 3273 272 3357 urbeque
283 3269 387 3355 ampla
399 3288 436 3328 ac
447 3266 573 3352 potenti
583 3265 803 3354 (Conisturgiu
813 3271 984 3357 vocabant)
996 3293 1192 3365 expugnata,

126 3374 321 3453 trajecerunt
339 3370 506 3432 Oceanum
528 3389 535 3428 :
555 3364 648 3445 inde,
667 3365 775 3430 divisis
792 3371 914 3457 copiis,
935 3394 1009 3460 pars
1026 3375 1192 3443 adversam

126 3474 348 3538 continentem
362 3466 615 3555 populabantur3
626 3467 678 3530 alii
691 3469 802 3532 urbem
818 3472 930 3535 Ocilen
940 3475 1114 3542 obsidione
1125 3480 1194 3544 cin·

126 3591 248 3639 terant.
269 3573 317 3637 lbi
339 3592 417 3633 vero
436 3570 471 3632 L.
493 3568 644 3631 illurnmii
660 3594 718 3658 par
737 3571 894 3636 industria
914 3591 946 3638 et
967 3577 1103 3643 felicitas
1123 3580 1196 3644 fnit.

126 3675 308 3742 Contractis
330 3671 396 3734 suis
414 3685 447 3732 et
464 3669 627 3732 sociorum
642 3672 765 3736 viribus
784 3672 835 3757 (in
858 3677 1046 3742 universum
1069 3680 1196 3767 equites

127 3775 314 3864 quingenti,
331 3795 406 3836 cum
419 3793 536 3836 novem
550 3770 696 3858 peditum
707 3774 864 3856 millibus,
878 3779 1001 3866 erant),
1016 3782 1126 3868 primo
1140 3804 1205 3871 por

126 3878 289 3965 pulatores
300 3894 484 3963 aggressus,
494 3872 681 3960 quindecim
692 3898 805 3939 corum
817 3879 914 3942 millia
925 3881 1089 3947 interfecit
1098 3907 1107 3948 ε
1117 3883 1205 3948 inde

163 4059 177 4123 S
191 4058 314 4105 xxxix.
331 4054 405 4103 Diod.
422 4053 488 4117 apud
505 4054 572 4102 Fulv.
588 4056 644 4102 Urs.
657 4082 692 4092 —
704 4057 812 4120 Appiam.
824 4058 925 4121 Hispan.
937 4086 972 4098 --
981 4061 1062 4111 strab.
1072 4062 1090 4112 l.
1101 4065 1150 4113 111.
