2654 4830
123 336 169 407 30
295 336 363 400 10.
391 330 733 400 FREINSHEMII
763 326 1007 397 SUPPLEM.

119 482 132 506 α
144 446 298 515 eludendi
315 469 370 509 eos
384 444 555 508 consilium
565 457 695 529 captiua
711 464 797 505 esse:
812 441 873 521 ita,
887 463 991 527 quum
1010 437 1100 503 eludi
1118 461 1180 503 non

121 564 291 640 «possent,
305 571 364 636 per
379 545 479 608 varias
499 560 531 608 et
546 542 702 606 absurdas
719 565 829 607 causas
846 543 978 623 retenti,
997 557 1035 605 ut
1051 564 1181 630 appare·

121 685 135 710 a
144 670 209 734 ret,
219 653 245 716 si
255 670 384 714 manere
394 645 519 734 decepti
531 645 670 726 nollent,
682 643 879 708 manendum
889 644 1008 708 coactis
1018 646 1099 708 fore.
1112 644 1183 707 Post

122 755 264 819 «multas
283 752 416 816 demum
433 747 603 811 dilationes
620 769 654 809 re
671 746 787 809 infecta
807 744 929 808 dimissi
948 760 1025 807 sunt
1040 768 1049 808 z
1065 743 1184 808 dimissi
1227 820 1229 827 Ι

122 888 135 914 a
145 874 239 936 sunt,
256 857 407 941 inquam,
422 851 512 913 vacui
527 848 674 935 irritique
692 847 801 936 legati,
821 870 926 933 neque
943 845 1032 934 apud
1046 867 1123 909 eum
1136 866 1183 908 re·
1226 860 1229 867 ’

124 982 220 1049 «gem
241 956 387 1035 majestas
402 951 516 1040 populi
532 951 657 1012 romani
675 948 789 1023 valuit,
802 971 862 1036 pro
877 970 942 1036 quo
957 946 1045 1035 apud
1062 947 1185 1011 hostem

123 1090 136 1115 ι
147 1056 366 1132 Antiochum,
378 1068 478 1116 totam
492 1050 673 1140 AEgyptum
687 1051 783 1113 armis
798 1051 1016 1129 obtinentem,
1025 1049 1183 1113 valuerat:

123 1191 137 1218 ι
148 1182 255 1247 neque
265 1157 318 1220 hic
328 1155 399 1218 linis
409 1154 583 1241 impietatis
594 1168 626 1215 et
640 1154 851 1217 contumaciae
860 1153 938 1233 fuit3
950 1152 1008 1216 sed
1023 1152 1184 1240 cyrenaica

123 1261 283 1341 «seditio,
298 1258 418 1346 quibus
430 1256 499 1318 aliis
518 1255 658 1335 facibus,
673 1277 768 1340 quam
789 1255 872 1342 regis
888 1253 1086 1317 alexandrini
1105 1275 1185 1315 nun·

125 1397 139 1421 «ι
148 1365 199 1429 tiis
213 1378 310 1450 atque
319 1359 476 1438 consiliis,
488 1355 623 1420 exarsit?
635 1357 749 1443 Neque
759 1357 845 1420 enim
856 1357 931 1420 satis
942 1371 999 1418 aut
1012 1356 1046 1417 in
1059 1356 1185 1419 fratrem

125 1464 299 1544 «acerbus,
313 1476 369 1525 aut
383 1458 554 1522 adversum
569 1478 627 1521 vos
643 1458 916 1537 contumeliosus,
933 1457 993 1519 sibi
1008 1457 1186 1537 videbatur,

125 1596 140 1623 ι
150 1568 210 1631 nisi
219 1567 326 1653 Cypro
334 1610 342 1643 ,
351 1583 449 1648 quarn
460 1559 586 1622 restitui
594 1558 771 1639 jubebatis,
782 1574 923 1640 retenta,
934 1558 1030 1621 etiam
1041 1560 1185 1647 Cyrenen

127 1677 368 1752 «extorqueret.

171 1768 231 1830 Xl.
242 1797 253 1823 ι
264 1765 387 1826 Verum
408 1762 572 1826 enimvero
589 1762 698 1824 fructu
710 1761 924 1849 improbitatis
941 1783 1007 1825 suae
1021 1761 1186 1848 haudqua-

129 1900 142 1925 a
152 1889 250 1955 quam
261 1863 320 1927 diu
326 1861 525 1952 gloriabitur,
533 1878 581 1925 sat
591 1863 673 1942 scio,
684 1864 820 1926 Romani
833 1887 840 1927 :
853 1863 1056 1950 nequeenim
1067 1866 1186 1928 animos

128 2001 142 2026 a
152 1969 300 2053 viresque
310 1962 563 2043 restraseodem,
574 1986 640 2049 quo
651 1962 719 2043 ille,
731 1963 866 2045 judicio,
874 1979 972 2050 atque
983 1965 1187 2028 aestimatione

130 2099 144 2125 a
154 2067 317 2131 metimur.
334 2065 405 2143 Ille,
418 2078 454 2127 ut
469 2063 657 2126 hominibus
672 2063 829 2150 improbis
846 2081 989 2128 mentem
1000 2065 1077 2128 vitia
1093 2065 1188 2129 hebe-

129 2201 143 2226 ι
153 2185 233 2248 tant,
240 2190 345 2255 neque
352 2165 594 2230 consiliavestra
602 2187 696 2252 supra
704 2182 788 2229 artes
796 2189 881 2245 suas,
889 2188 995 2252 neque
1002 2189 1091 2230 arma
1098 2188 1189 2254 supra

131 2303 144 2329 a
154 2270 331 2359 potentiam
346 2268 499 2332 aestimat:
513 2288 573 2328 nos
588 2288 694 2352 neque
708 2266 834 2329 senatui
849 2266 927 2329 huic
944 2266 1047 2330 ullum
1066 2269 1100 2332 in
1117 2268 1190 2332 orbe

132 2391 314 2438 «terrarum
333 2393 391 2457 par
416 2369 571 2455 sapientia
594 2367 768 2431 concilium
797 2390 867 2431 esse
895 2369 1064 2453 novimus3
1090 2390 1191 2458 neque

132 2473 337 2562 «legionibus
352 2469 494 2532 romanis
506 2467 594 2531 aliud
606 2468 743 2531 militum
763 2492 864 2558 genus
878 2468 1072 2543 fortitudine
1087 2473 1192 2536 confe-

134 2574 309 2641 «rendum.
322 2573 434 2658 Itaque
445 2592 644 2658 magnacum
655 2593 711 2657 spe
722 2593 788 2634 non
799 2571 962 2634 irritarum
976 2595 1129 2659 precum,
1140 2594 1191 2636 vos

132 2709 145 2735 a
155 2660 307 2767 rogamus
315 2671 710 2758 obtestamurque,Patres
720 2672 960 2760 conscripti‚ne
970 2695 1193 2763 regem‚quem

135 2778 217 2865 «ipsi
233 2774 373 2853 fovistis,
388 2772 528 2852 texistis,
545 2772 700 2851 ornastis,
717 2771 840 2859 quique
857 2773 994 2837 invicem
1010 2797 1069 2837 vos
1083 2797 1194 2864 perpe·

133 2910 147 2936 ι
157 2894 213 2941 tua
230 2874 292 2939 lide
307 2873 487 2939 observavit
502 2889 600 2959 atque
617 2873 732 2954 coluit,
743 2897 782 2938 eo
802 2876 939 2940 maxime
956 2892 1120 2966 tempore,
1133 2899 1196 2966 quo

133 2993 263 3044 «vestro
279 2998 415 3041 munere
438 2971 684 3039 florentissimus
705 2998 779 3043 esse,
790 2977 963 3060 debuerat,
979 2978 1129 3067 inopem,
1147 3003 1200 3045 ex·

134 3074 150 3139 a
158 3099 296 3159 torrem,
311 3079 482 3165 deceptum
500 3099 518 3139 a
537 3078 651 3157 fratre,
667 3077 833 3165 proditum
850 3080 891 3143 ab
904 3081 1032 3157 amicis,
1049 3099 1199 3148 contem·

133 3217 146 3243 ι
156 3201 250 3274 ptum
266 3205 284 3244 a
298 3177 525 3268 popularibus,
539 3179 711 3242 consilium
729 3180 951 3267 auxiliumque
968 3199 1112 3246 vestrum
1132 3186 1202 3248 sru-

135 3318 148 3345 κ
157 3304 222 3351 stra
232 3283 405 3371 implorare
415 3281 526 3345 sinatis
539 3304 545 3344 :
561 3280 825 3368 quandoquidem
839 3282 883 3344 ita
894 3304 969 3345 cum
981 3299 1086 3346 vestra
1099 3284 1204 3372 gloria

136 3418 149 3443 «
159 3409 195 3450 ac
209 3384 346 3448 utilitate
363 3404 458 3445 causa
474 3382 558 3446 illius
574 3382 747 3461 conjuncta
761 3399 823 3462 est,
839 3399 893 3464 ut,
907 3400 1066 3471 quantum
1080 3385 1134 3447 ille
1147 3402 1206 3450 aut

135 3484 418 3575 «existimationis,
428 3498 483 3547 aut
495 3506 596 3571 opum
607 3483 764 3564 amiserit,
775 3484 978 3548 tantumdem
991 3500 1105 3548 vestrae
1123 3508 1207 3573 quo-

136 3619 149 3645 «
159 3611 223 3676 que
234 3587 341 3663 famae,
352 3584 531 3671 vestrisque
543 3584 707 3670 obsequiis
722 3583 930 3648 decessurum
942 3608 1010 3648 esse
1021 3585 1182 3653 videatur.
1191 3618 1206 3645 ι

180 3689 255 3753 Xll.
264 3685 427 3752 Adversus
437 3684 506 3749 haec
514 3684 632 3749 iterum
646 3685 882 3772 Menithyllusa
896 3687 1015 3766 majore
1028 3688 1207 3754 Ptolemaeo

136 3790 240 3856 alluit.
253 3787 318 3852 Sed
327 3788 362 3850 in
373 3787 508 3850 minoris
518 3808 646 3851 causam
657 3786 816 3850 inclinatis
827 3787 959 3851 Patrum
975 3788 1107 3870 animis,
1118 3790 1149 3852 Τ
1150 3813 1208 3855 οι·-

138 3907 304 3981 quartoque
314 3904 346 3952 et
355 3888 496 3969 Merula,
507 3889 564 3976 qui
578 3911 597 3950 a
612 3889 772 3977 legatione
784 3889 912 3951 interim
927 3888 1208 3972 redierant,eam·

139 3996 215 4061 dem
237 3991 330 4055 enixe
350 3989 558 4070 juvantibus,
576 4006 706 4053 senatus
724 3994 808 4053 intra
835 3989 918 4053 diem
939 3994 1083 4079 quintum
1106 3992 1211 4058 Italia

138 4092 287 4161 excedere
306 4087 529 4176 Menitltyllum
540 4090 655 4170 jussit,
669 4090 800 4156 decreto
811 4140 821 4174 ,
832 4090 1021 4180 utisoedus,
1040 4095 1130 4183 quod
1141 4120 1209 4189 po-
