2654 4830
243 340 298 409 IN
327 340 438 408 LOC.
466 340 561 407 LlB.
588 338 708 408 XLVI
738 338 954 410 LIVIANI.
1111 366 1130 435 7

60 496 75 521 ·
84 480 199 529 torum
209 482 280 537 uno
290 459 422 527 decreto
429 475 537 525 vestro
551 460 663 551 periit:
676 460 729 526 cui
741 459 874 548 quidem
883 459 1016 525 obedire
1027 483 1131 549 quan·

59 596 74 623 ι
83 563 337 655 quammaximo
346 584 423 628 cum
430 562 617 651 reipublicae
625 579 744 627 nostrae
753 561 949 628 detrimento
959 564 1132 645 conjuncta

60 688 137 733 «res
150 681 238 746 emt,
249 686 320 729 nou
331 662 528 729 distulimus.
540 663 671 748 Quibus
689 685 729 729 ex
739 663 837 728 rebus
847 664 1001 741 ellectum
1017 679 1079 747 est,
1096 681 1135 728 ut

59 798 75 825 ι
83 768 226 849 majores
240 786 351 855 ponas
359 765 480 830 Rhodii
492 764 678 831 dederimus
693 765 794 829 semel
809 764 901 829 dubii
913 765 1024 845 amici,
1035 787 1135 852 quam

61 890 220 957 «semper
229 867 430 931 certihostes
442 864 637 931 Macedones
648 887 657 931 ι
669 881 707 929 ut
717 866 783 946 jam
792 866 869 930 alios
882 882 1044 930 taceamus
1058 887 1137 954 gen·

60 998 75 1025 ι
84 984 153 1053 tes,
165 966 278 1033 necui
289 966 545 1031 incolumitatem
561 989 654 1033 suam
670 966 815 1031 invidere
830 967 939 1055 potius
950 988 1067 1055 ,quam
1080 990 1135 1033 vc·

60 1068 202 1134 -lilicari
220 1082 339 1133 nmtroe
355 1067 535 1135 videamur.

108 1172 171 1236 xl.
182 1170 248 1237 «Et
255 1184 364 1235 tamen
374 1169 575 1258 precipuum
585 1169 721 1234 civitatis
731 1184 849 1234 nostrae
857 1170 977 1234 vulnus
987 1169 1136 1234 nondum

61 1302 75 1329 ι
84 1270 199 1362 attigi,
208 1268 300 1359 quod
315 1271 522 1358 exemptione
530 1270 622 1352 Deli,
634 1270 833 1359 demptaque
844 1271 968 1358 populo
982 1271 1023 1335 de
1038 1286 1137 1359 portu

60 1372 273 1461 setpublicis
293 1371 456 1437 statuendi
464 1386 641 1462 potestate,
651 1372 927 1461 portorium,hoc
937 1387 1001 1453 est,
1015 1371 1138 1437 rhodie

61 1504 76 1530 ι
84 1476 136 1539 rei
149 1472 276 1539 fundus
289 1490 323 1541 et
336 1475 488 1540 columen
500 1475 548 1540 sic
557 1474 697 1555 interiit,
709 1488 745 1537 ut
758 1472 849 1561 quod
858 1472 956 1561 paulo
969 1486 1044 1537 ante
1058 1497 1139 1561 qua·

53 1606 77 1633 -ι
86 1576 220 1666 dragies
227 1576 303 1642 H-S.
316 1577 415 1642 locari
428 1574 762 1653 consueverat‚hodie
770 1575 824 1639 vix
834 1575 868 1637 in
881 1588 1030 1661 sexcenta
1040 1574 1139 1638 millis

61 1709 76 1735 ι
86 1698 269 1742 nummum
279 1677 425 1742 inveniat
434 1676 676 1765 redemptorem
689 1699 697 1742 ε
709 1675 810 1756 adeo,
824 1677 934 1741 Patres
949 1675 1139 1764 conscripti,

61 1809 75 1833 ι
84 1776 243 1867 jugulum
256 1778 377 1867 premit
388 1778 437 1841 ira
449 1793 571 1859 vestra,
581 1792 614 1841 et
626 1778 714 1866 ipsos
729 1778 820 1865 quasi
834 1800 950 1843 nervos
964 1776 1079 1842 incidit
1092 1777 1139 1840 ci·

62 1879 211 1945 «vitatis.
227 1878 329 1961 Quod
344 1879 372 1943 si
388 1879 522 1944 meritos
537 1879 606 1944 hoec
624 1894 754 1969 urgeret
769 1879 951 1964 calamites,
968 1902 1036 1944 non
1054 1878 1141 1942 foret

60 2012 75 2037 ·
87 1981 274 2063 absonum,
288 1981 424 2070 publico
437 1980 552 2046 delicta
568 1981 723 2064 consilio,
737 1981 875 2070 publicis
894 2003 1027 2069 quoque
1043 1981 1140 2044 mise·

61 2113 77 2138 ι
87 2082 149 2146 riis
165 2083 310 2170 expiari:
329 2105 421 2147 nunc
434 2098 561 2164 autem,
578 2081 710 2170 quando
726 2099 759 2147 et
782 2103 962 2170 paucorum
973 2081 1034 2145 iste
1048 2080 1141 2144 furor

60 2215 76 2239 ι
87 2184 176 2264 fuit,
186 2198 221 2248 et
229 2204 362 2248 reorum
375 2186 524 2249 omnium
538 2184 703 2273 suppliciis
715 2185 838 2273 populo
850 2182 969 2247 rhodio
979 2183 1141 2270 expiatns3

61 2315 75 2339 ι
88 2284 303 2372 relinquitur,
313 2298 352 2349 ut
362 2286 496 2349 remotis
511 2307 530 2349 a
543 2296 640 2349 sensu
649 2284 810 2349 malorum
821 2284 985 2363 sontibus,
998 2282 1144 2371 indigns·
1195 2336 1200 2343 .

59 2418 76 2441 ι
88 2386 143 2450 tio
150 2400 256 2450 vestra
266 2385 496 2451 tantummodo
504 2385 658 2451 adversus
668 2386 857 2450 innocentes
870 2383 1029 2448 desoeviat.
1035 2382 1144 2465 Quod

61 2520 78 2544 ι
91 2487 176 2575 quia
194 2507 300 2574 neque
322 2508 384 2573 pro
408 2502 523 2550 caetera
547 2486 797 2551 mansuetudine
814 2491 936 2561 vestra,
953 2508 1061 2573 neque
1081 2506 1144 2572 pro

59 2621 75 2644 ι
89 2586 198 2676 gloria
208 2588 324 2674 saepius
332 2587 534 2675 ignoscendo
543 2634 552 2668 ,
562 2609 660 2674 quam
670 2587 867 2651 vindicando
877 2588 1026 2674 quaesita,
1037 2587 1150 2650 facere

61 2722 76 2746 a
89 2687 271 2769 videmini;
288 2704 376 2752 certa
393 2710 445 2774 me
461 2710 533 2776 spes
550 2704 653 2764 tenet,
670 2688 758 2768 lore,
773 2687 1000 2777 utaliquando
1016 2686 1144 2751 miseri·

61 2822 79 2847 ι
93 2788 237 2865 cordiae,
252 2810 351 2876 quam
369 2789 443 2871 irae,
461 2788 646 2852 meminisse
658 2788 791 2852 malitis.

117 2890 196 2953 xil.
207 2920 221 2945 ι
230 2888 283 2953 Ob
295 2889 468 2954 amentiam
482 2910 678 2976 paucorum,
689 2888 889 2952 iracundiam
907 2910 974 2952 non
991 2887 1144 2966 injustam

63 3023 82 3051 ι
94 3006 213 3055 contra
237 2990 383 3055 Rhodios
402 2990 594 3078 concepistis
614 3006 765 3076 :quanto
790 2991 913 3076 aequius
936 2989 1037 3052 fucrit
1051 2989 1145 3051 venia

64 3126 81 3148 ..
94 3094 252 3180 prosequi
263 3092 391 3157 sceleris
401 3091 572 3172 innoxios,
585 3090 629 3154 ob
643 3112 785 3153 errorem
800 3091 979 3178 supplices,
995 3105 1028 3153 et
1041 3090 1145 3177 poeni·

65 3226 82 3249 ·
95 3193 201 3257 tentia
217 3216 256 3256 ac
270 3193 436 3279 obsequiis
451 3191 591 3255 admissa
607 3191 831 3255 correcturos?
844 3191 1022 3255 Amisimus
1039 3190 1147 3279 digni·

65 3328 82 3351 a
95 3310 220 3376 tatem,
234 3294 431 3381 potentiam,
444 3293 626 3381 vectigalia,
641 3292 737 3357 etiam
753 3292 915 3374 libertate,
927 3316 988 3381 pro
1004 3314 1067 3379 qua
1081 3290 1146 3370 jam

65 3430 82 3453 a
96 3394 178 3459 inde
192 3394 234 3459 ab
250 3395 483 3483 antiquissimis
500 3395 704 3483 temporibus
721 3395 804 3458 uilril
824 3416 892 3458 non
915 3392 1147 3476 sustinuimus,

67 3532 84 3553 .
96 3496 190 3563 baud
197 3520 313 3586 parum
325 3497 498 3561 imminuta
510 3520 517 3560 ε
529 3512 562 3560 et
575 3513 684 3560 tamen
696 3498 831 3561 serimus
841 3498 902 3559 ists
918 3496 1125 3583 patimurque
1137 3517 1145 3558 ε

68 3632 85 3656 ι
97 3598 202 3663 modo
220 3600 267 3664 sic
283 3597 416 3663 tandem
439 3599 636 3662 satisfactum
656 3598 698 3660 sit
717 3599 772 3661 irre
792 3612 925 3677 vestrae,
941 3596 1052 3660 Patres
1069 3616 1149 3659 con·

68 3700 210 3789 «scripti
221 3722 458 3788 ,aerumuaeque
476 3700 681 3764 Rhodiorum
697 3701 749 3764 vel
766 3700 800 3762 in
820 3700 882 3763 hac
899 3700 1031 3762 fortuna
1046 3695 1147 3760 finem

70 3836 86 3857 ..
97 3802 267 3867 inveniant
279 3827 287 3868 :
301 3803 336 3867 id
350 3820 461 3867 autem
487 3805 580 3867 nullo
599 3819 696 3891 pacto
720 3824 850 3890 sperure
871 3798 1045 3882 audemus,
1067 3796 1147 3878 nisi,

73 3905 192 3995 «quod
211 3906 305 3970 toties
321 3906 502 3986 oravimus,
521 3905 555 3968 in
574 3904 748 3968 curicitiam
764 3904 1018 3989 societatemque
1033 3895 1148 3988 populi

110 4103 128 4169 5
141 4106 172 4151 Χ.
185 4104 260 4151 Diod.
271 4103 337 4168 apud
350 4102 431 4150 Vries.
444 4128 480 4140 ·-
490 4098 506 4163 S
518 4102 565 4150 XI.
576 4102 666 4165 Polyb.
