2654 4830
281 333 337 402 IN
367 334 478 401 LOC.
503 335 597 402 LlB.
623 335 745 403 XLVI
774 334 992 404 LIVIANI.
1128 359 1168 404 21

105 456 241 539 malum,
249 457 434 544 passimque
443 454 509 535 jam
519 456 552 517 in
563 457 732 543 pauciores
741 457 895 521 convivas
907 456 1176 545 majorimpensa,

105 582 203 646 guam
216 559 252 623 in
264 560 375 648 plures
387 573 496 639 antea,
508 557 621 622 fiebat:
632 559 779 646 adeoque
792 559 826 622 in
835 559 1005 647 publicum
1017 558 1174 623 damnum

105 676 131 724 et
151 659 298 724 dedecus
315 680 433 723 sesana
455 659 612 748 ingluvies
633 661 754 742 iuerat,
769 675 807 724 ut
822 660 922 750 vulgo
935 659 1000 739 jam
1017 660 1051 723 in
1070 661 1175 724 comi·

105 763 186 825 tium
202 760 247 826 ad
262 761 516 826 consultationes
532 760 573 825 de
589 761 756 849 republica
772 761 922 825 homines
939 760 1020 824 ebn'i
1036 760 1175 824 ventita-

105 876 193 941 rent;
207 861 371 949 multique
386 862 482 925 bonis
496 862 563 925 suis
584 862 705 926 evoluti
722 884 782 950 per
797 862 915 927 Ioedam
930 877 964 926 et
982 862 1176 925 abominan-

105 959 176 1026 dam
192 961 433 1050 turpitudinem
444 965 619 1051 prostituto
636 986 774 1052 corpore
786 979 985 1052 quaererent,
996 962 1088 1052 quod
1098 985 1177 1027 mox
1288 1001 1291 1008 ·

105 1062 192 1127 baud
199 1065 307 1128 multo
316 1066 444 1130 ruinore
452 1066 584 1130 infamia
592 1068 766 1156 pergulam
777 1082 869 1130 erant
877 1067 1048 1154 perdituri.
1061 1067 1177 1150 Quum

105 1164 206 1253 igitur
218 1165 305 1229 banc
316 1167 541 1255 intemperiem
555 1169 721 1256 aegerrime
735 1169 849 1247 ferret,
862 1167 1025 1256 quidquid
1037 1168 1071 1231 in
1086 1167 1177 1231 Urbe

105 1285 219 1329 uuum
240 1282 327 1348 erat,
344 1288 506 1332 consensu
530 1269 696 1332 bonorum
717 1268 927 1357 sumptuariae
956 1269 1042 1358 leges
1068 1270 1177 1357 expeti
1246 1326 1251 1336 .

106 1387 240 1454 crepere.
263 1369 459 1433 Consulibus
478 1391 515 1433 ca
530 1369 572 1433 de
590 1392 625 1433 re
640 1369 682 1435 ad
698 1387 846 1434 senatum
868 1371 1103 1452 referentibus,
1123 1392 1176 1434 se-

107 1483 198 1532 natus
215 1470 250 1531 in
268 1468 338 1534 hac
357 1471 452 1534 verba
467 1473 594 1535 censuit
607 1494 615 1536 τ
633 1475 843 1561 utiprincipes
858 1473 990 1535 causas
998 1518 1008 1550 ,
1025 1474 1081 1560 qui
1094 1472 1177 1535 ludis

111 1567 328 1657 megalemibus
342 1574 471 1661 anguo
486 1576 549 1636 ritu
564 1577 744 1638 mumanae
751 1623 761 1654 ,
767 1575 919 1665 jurarent
935 1574 1026 1662 apud
1037 1573 1176 1638 comacles
1264 1568 1266 1572 Α

110 1671 203 1734 aruis
217 1675 387 1761 conceptis,
402 1696 467 1736 aon
486 1675 623 1762 umpluas
638 1678 669 1738 iu
687 1677 828 1763 sritgulas
845 1697 951 1738 coenas
966 1677 1105 1762 suntplut'
1115 1697 1177 1737 esse

110 1768 260 1854 laeuam,
274 1796 372 1862 quam
389 1790 532 1838 centenos
546 1780 732 1865 vicenosque
750 1779 839 1856 aris,
848 1790 971 1864 prater
989 1776 1059 1840 olus
1072 1787 1103 1838 et
1110 1771 1179 1861 sar

117 1878 256 1938 aunum
263 1923 273 1955 ,
294 1898 392 1964 neque
408 1880 487 1939 vino
498 1877 699 1964 alienigena,
719 1879 891 1967 sedpasrt'o
898 1925 909 1958 ,
929 1899 1038 1942 usuros
1049 1900 1062 1940 .·
1078 1896 1177 1963 neque

120 1981 233 2062 argenti
241 1981 277 2041 in
288 1980 425 2041 σοηνὶνὼ
428 1976 504 2066 plus
508 1979 634 2065 pondo,
657 2001 755 2065 quam
770 1979 868 2042 libras
877 1993 1002 2043 eentum
1014 1977 1173 2042 illaturos.

154 2078 334 2143 XXXVIII.
358 2080 450 2142 Ferre
467 2078 580 2142 deinde
600 2078 738 2141 consules
755 2079 803 2140 ad
815 2076 972 2168 populum
993 2079 1115 2167 placuit
1137 2077 1177 2141 de
1223 2070 1228 2081 ⁴

124 2179 196 2242 uodo
206 2194 386 2268 sungotuum
393 2226 402 2257 ‚
415 2181 472 2268 qui
482 2178 773 2269 in'unumquemque
785 2176 1010 2264 da'emfiereat:
1021 2180 1062 2243 ab
1074 2181 1176 2243 altero

125 2281 277 2345 oonsulum
289 2282 416 2344 Fannia
430 2280 486 2343 lex
501 2297 550 2344 est
564 2282 732 2369 appellata.
749 2282 826 2344 Haec
842 2280 924 2344 ludis
936 2284 1090 2360 reomau,
1104 2283 1177 2343 alem

126 2373 188 2444 ludis
195 2383 325 2471 plebalis
333 2431 342 2462 ‚
360 2398 392 2445 et
408 2383 635 2462 saturnalibus,
651 2398 683 2448 et
695 2384 766 2447 alsi's
779 2384 966 2472 quibusdam
981 2384 1087 2447 dathus
1103 2407 1175 2446 cen·

125 2491 189 2546 enos
200 2488 272 2549 oeris
286 2488 401 2549 rnswui
414 2485 590 2566 concessit,
609 2486 773 2574 decemque
787 2485 859 2550 aliis
874 2486 981 2549 dzebus
998 2487 1032 2549 in
1048 2483 1176 2573 surgulu

124 2587 256 2650 mosibus
267 2588 397 2650 trzeenm
410 2610 422 2649 .·
430 2590 549 2651 coeteris
563 2599 670 2649 aulem
682 2587 823 2650 omnibus
840 2588 948 2652 dubus
964 2610 1028 2651 aon
1039 2586 1177 2674 amplius

121 2681 208 2751 denos.
223 2689 357 2752 Imitari
369 2712 444 2752 vero
451 2701 568 2776 prater
584 2688 764 2751 donresa'eos
779 2691 921 2751 convivas
934 2691 1051 2752 catera
1068 2688 1176 2752 diebus

119 2796 221 2868 erues,
240 2791 387 2853 mmdiuu
401 2793 520 2878 quinos.
534 2792 658 2852 Eorum
670 2790 727 2876 qui
738 2790 842 2878 legem
855 2805 1043 2868 suaserunt,
1057 2787 1175 2851 C.Titii

115 2890 207 2952 oratio
225 2907 352 2954 exstat:
372 2892 446 2978 qui,
463 2891 578 2954 acriter
597 2891 745 2955 invectus
767 2892 801 2953 in
819 2891 896 2956 vitia
916 2891 1074 2971 ciuitatis,
1094 2904 1176 2952 stare

113 2992 195 3054 sitam
207 3015 300 3081 posse
318 2993 464 3080 negavit,
485 2995 545 3054 ursi
562 2991 619 3055 illa
639 2991 827 3056 tollerentur.
849 2992 958 3056 Ludos
976 2993 1175 3082 megalenses

108 3113 325 3182 romanosque
339 3094 403 3157 hoc
419 3116 506 3157 auno
523 3095 558 3158 L.
575 3095 762 3157 Postumius
781 3093 935 3176 Albinus,
952 3096 988 3159 L.
1004 3094 1174 3158 Cornelius

105 3194 228 3259 Merula
246 3195 354 3260 aediles
370 3197 497 3259 curules
512 3197 670 3260 fecerunt.

146 3297 305 3360 XXXIX.
316 3299 364 3361 lta
373 3298 557 3361 constitutis
570 3297 660 3362 domi
671 3297 786 3379 rebus,
798 3299 880 3362 nihil
891 3318 1000 3386 aeque,
1010 3318 1049 3360 ac
1060 3296 1176 3384 syriaci

105 3414 231 3480 motus,
243 3422 355 3463 curam
368 3400 501 3463 Petrum
516 3401 670 3463 exercuit.
684 3401 869 3464 Demetrius
884 3400 989 3479 euim,
1003 3413 1175 3486 postquam

105 3499 233 3587 Lyciam
254 3500 332 3589 fuga
355 3501 530 3589 attigisset,
552 3501 723 3590 scripserat
740 3502 886 3583 senatui,
902 3524 934 3566 se
950 3497 1121 3588 adpoems
1137 3499 1177 3562 ob

105 3602 231 3666 Octavii
241 3625 345 3666 necem
356 3626 379 3666 a
390 3605 488 3689 Lysia
498 3603 695 3692 repetendas,
711 3606 744 3666 ia
757 3601 1047 3691 &rtemscrstinam
1059 3601 1175 3663 Antt'o-

105 3703 162 3767 rlto
168 3751 178 3781 ,
189 3704 420 3794 quempopulus
429 3728 577 3768 romanus
586 3729 686 3794 regem
694 3704 889 3795 appellasset,
901 3701 983 3767 nihil
991 3704 1175 3767 moenum.

135 3932 154 3999 s
175 3933 311 3980 XXXVII.
333 3931 480 3980 Sammonic.
498 3933 582 3979 smn.
601 3945 641 3996 ap.
659 3930 771 3979 Macrob.
792 3956 827 3969 -··
844 3930 931 3980 Assius
944 3928 1033 3994 Capito
1046 3943 1086 3992 ap.
1096 3924 1178 3989 egen.

105 4020 139 4076 u,
156 4025 199 4073 aa.
219 4043 256 4053 -
272 4015 289 4082 S
305 4018 456 4064 XXXVIII.
472 4014 619 4064 Sammonic.
636 4040 672 4052 -
687 4014 773 4064 Lucill.
786 4014 854 4079 apud
871 4013 951 4078 Agall.
971 4022 997 4060 et
1013 4007 1126 4060 Macrob.
1139 4032 1177 4046 ·-

105 4102 195 4152 tehen.
204 4101 298 4159 liuvr.
308 4103 328 4151 f.
341 4130 377 4139 -
385 4101 460 4150 Titul.
470 4099 580 4149 Eunuch.
592 4109 616 4147 et
628 4098 728 4148 Phorm.
737 4099 851 4150 Conoed.
863 4096 1004 4147 rmum.
1018 4123 1049 4134 -
1060 4095 1149 4143 zeno.
