2654 4830
242 326 297 394 ΙΝ
324 326 440 395 Loc.
466 326 559 395 LlB.
589 326 709 394 XLVI
738 325 954 394 LlVlANI.
1109 348 1133 417 9

62 443 190 525 landae,
200 442 307 509 tuerat
314 443 583 526 reconditum,id
592 467 689 510 omne
699 444 828 533 publice
838 443 1049 532 spectandum
1060 467 1135 531 pro·

63 544 187 634 posuit.
197 545 258 609 Vix
267 562 397 634 peracta
405 546 466 610 bac
475 546 678 610 solemnitate
688 545 934 635 supervenitTl.
949 545 1133 627 Gracchus,

62 668 167 733 quem
180 647 274 711 omni
291 648 443 713 comitate
460 670 498 711 ac
511 648 700 713 liberalitate
716 648 764 712 sic
781 647 912 728 oburit,
929 662 968 711 ut
984 647 1133 711 animum

62 749 151 837 regis
168 748 215 813 ob
235 765 379 837 ereptam
399 750 578 839 AEgyptum
601 774 619 813 a
641 750 764 838 populo
786 771 922 814 mmano
945 748 1132 813 alienissimi

62 849 159 912 nullo
174 847 297 913 iudicio
313 867 423 938 posset
437 850 691 938 deprehendere.
703 851 814 932 Quum
833 850 920 914 enim
937 866 1053 915 natura
1068 851 1131 915 lar·

61 951 155 1039 gitor
173 950 303 1016 animus
323 969 426 1034 esset,
446 968 526 1016 tunc
548 952 646 1017 etiam
668 951 778 1016 studio
801 952 936 1015 honoris
959 952 1131 1038 cultusque

60 1051 177 1115 omnia
193 1068 386 1142 argrrmenta
403 1053 449 1117 sic
466 1052 622 1135 intendit,
643 1070 681 1118 ut
699 1069 769 1117 toto
790 1075 829 1116 eo
846 1067 992 1140 tempore
1008 1052 1077 1116 aliis
1095 1053 1130 1116 in

60 1149 192 1217 aedibus
200 1151 426 1236 diversaretur,
437 1176 505 1241 quo
517 1176 651 1220 vacuam
663 1154 776 1244 legatis
787 1154 929 1218 romanis
942 1154 1062 1243 regiam
1078 1176 1132 1219 re·

58 1253 238 1342 linqueret.
246 1255 294 1320 Ea
302 1278 371 1337 res,
381 1272 415 1321 et
423 1257 579 1344 quoniam
589 1258 686 1345 paulo
697 1273 774 1321 ante
782 1255 971 1321 interludos
984 1257 1131 1323 animum

58 1355 225 1444 usquead
236 1355 405 1445 pudendas
420 1357 555 1447 ineptias
571 1358 764 1423 effusissima
777 1358 938 1422 hilaritate
954 1358 1131 1440 laxaverat,
1151 1418 1155 1425 .

56 1458 222 1521 Romanis
228 1459 323 1523 facile
334 1461 508 1548 persuasit,
518 1460 600 1525 nihil
611 1461 644 1524 in
658 1461 711 1524 tali
721 1477 830 1525 mente
842 1482 966 1551 maguae
976 1461 1132 1550 seriaeque

57 1559 270 1648 cogitationis
286 1560 409 1650 agitari.

105 1662 182 1727 XV.
199 1663 376 1746 Caeterum,
394 1679 432 1728 ut
451 1663 492 1728 ad
512 1663 698 1728 institutum
719 1662 907 1744 redeamus,
926 1685 993 1726 non
1017 1660 1129 1725 eadem

57 1762 283 1847 humanitate,
306 1788 372 1854 qua
389 1765 532 1854 priores,
549 1765 669 1830 achaici
686 1781 829 1829 oratores
852 1764 977 1852 excepti
994 1779 1072 1827 sunt
1089 1763 1131 1827 ab

58 1881 191 1930 senatu.
204 1867 374 1957 Negabant
388 1867 449 1946 illi,
456 1868 611 1955 principes
623 1865 814 1929 Aelurorum
830 1879 980 1953 tanquam
993 1863 1132 1925 dammi·

61 1977 128 2044 tos,
144 1966 202 2029 scd
208 2013 219 2046 ,
236 1970 286 2031 uti
297 1989 427 2031 causam
441 1967 593 2047 dicerent,
611 1968 717 2031 missos
733 1968 866 2029 Romam
876 1964 1006 2054 fitissc:
1020 1986 1133 2052 rogare

65 2066 164 2149 igr'tw
185 2090 270 2131 num
289 2091 428 2158 quoque,
448 2084 484 2132 ut
496 2072 541 2132 ito
550 2066 639 2156 stat,
657 2073 686 2132 si
694 2069 841 2131 Patribus
863 2067 1029 2146 ardentum
1045 2065 1134 2161 qnod

69 2166 98 2225 si
102 2167 197 2232 ullos
203 2169 320 2251 nolint,
330 2170 484 2235 atsaltam
495 2173 652 2235 amitant
659 2169 730 2234 illos
738 2171 866 2233 domum
876 2192 888 2232 :
900 2168 1046 2256 spondere
1059 2189 1132 2230 cora·

73 2265 174 2332 cilium
188 2271 354 2335 ασΙιαίσιιηι
372 2275 453 2336 enisa
476 2273 624 2336 datram
642 2296 785 2360 eperunt,
806 2295 844 2334 nc
857 2271 1018 2360 judicium
1039 2291 1131 2333 stium

79 2367 166 2433 baias
174 2418 184 2450 ,
197 2396 293 2460 quam
308 2397 370 2460 pro
388 2375 534 2464 czp'usque
547 2377 672 2454 mertia,
691 2374 796 2463 subse
812 2373 946 2437 dicebar.
964 2370 1053 2437 Nihil
1069 2370 1131 2433 im·
1172 2433 1174 2437 ,

10 2472 12 2479 ’
82 2484 226 2551 penatum
240 2498 248 2539 ε
262 2475 362 2541 literae
380 2477 459 2563 quin
476 2478 572 2541 etiam
589 2476 630 2541 ad
646 2478 806 2566 principes
825 2497 1001 2565 graecarum
1020 2472 1130 2537 civita·

86 2581 158 2652 tum,
173 2576 226 2661 qui
241 2598 383 2640 romanae
402 2578 551 2641 factionis
568 2595 677 2659 erant,
694 2595 726 2642 et
743 2578 776 2641 in
794 2578 949 2643 Achaiam
973 2575 1014 2638 ad
1034 2573 1131 2638 Calli-

89 2687 189 2739 cratem
205 2679 328 2743 missae:
346 2701 442 2766 neque
454 2680 624 2743 civitatibus
632 2678 758 2767 publice
766 2727 776 2757 ‚
792 2702 888 2766 nequa
902 2679 972 2764 ipsis
982 2676 1132 2764 privatim

86 2770 262 2855 fimfttttrum
283 2779 400 2858 videri,
419 2782 449 2842 si
463 2779 598 2843 homines
620 2782 671 2842 isti
684 2803 775 2842 snam
794 2781 920 2866 quisqam
938 2781 969 2840 in
985 2779 1132 2864 patn‘aru

92 2886 263 2942 revertamur.
274 2880 346 2942 Hoc
357 2902 415 2966 per
428 2879 583 2944 exactam
596 2880 726 2970 vulgato
738 2902 895 2968 responso
904 2928 913 2962 ,
923 2879 1042 2966 passim
1060 2900 1130 2941 me·

95 2979 134 3031 ¹⁰⁵
145 2993 202 3041 etat
215 2995 248 3042 et
264 2978 448 3066 trepidatio,
469 3004 536 3044 non
557 3004 672 3045 eorum
690 2980 809 3060 modo,
829 2982 886 3067 qui
909 2979 1129 3044 Macedonum

92 3067 167 3139 rehtu
178 3079 385 3164 studuerant,
406 3080 465 3146 sed
481 3083 647 3165 omnium,
663 3082 782 3168 quibus
804 3097 872 3145 erat
891 3082 1001 3170 patriae
1017 3081 1131 3146 caritas

92 3184 196 3244 externa
210 3179 435 3246 dominatione
450 3184 568 3270 potior.
589 3186 632 3248 At
651 3183 819 3272 Charopus
839 3200 872 3247 et
889 3184 1084 3265 Callicrates,
1100 3199 1134 3246 et

90 3278 171 3341 tauri
184 3280 329 3360 ejusdem
352 3283 494 3364 consilii,
516 3301 637 3372 quanto
661 3284 851 3348 humiliores
876 3284 1028 3349 videbant
1051 3285 1132 3350 alios

89 3371 184 3467 redigi,
199 3398 290 3449 tanto
306 3384 367 3472 ipsi
384 3384 520 3463 majores
539 3386 672 3473 spiritus
690 3386 874 3449 sumebant.

121 3477 196 3547 xv1.
211 3485 299 3548 Dum
313 3484 373 3549 ista
389 3485 522 3550 diversis
535 3486 613 3550 locis
626 3487 673 3550 sic
686 3502 840 3576 aguntur,
853 3487 992 3567 Perseo,
1007 3487 1063 3574 qui
1079 3510 1131 3551 re·

80 3602 140 3645 rum
155 3584 287 3650 istarum
300 3587 449 3651 omnium
465 3610 560 3651 causa
578 3587 700 3670 fuerat,
715 3587 853 3652 dubium
870 3610 910 3650 an
925 3588 1130 3653 voluntarius

75 3686 187 3768 exitus,
210 3688 396 3752 calamitatis
419 3689 555 3777 vitaeque
581 3688 679 3753 finem
706 3674 833 3754 attulit..
850 3688 928 3753 Post
950 3690 986 3754 L.
1006 3690 1131 3755 AEmilii

71 3788 284 3876 triumphum,
298 3791 331 3854 in
349 3813 508 3854 carcerem
527 3776 680 3855 albanum
695 3790 862 3874 conditus,
876 3808 908 3856 et
921 3791 999 3856 inde
1014 3792 1129 3858 eodem

95 4004 111 4069 s
126 4006 195 4052 HV.
206 4004 294 4067 Polyb.
305 4004 371 4069 apud
382 4004 588 4054 vato—Diod.
601 4005 667 4071 apud
678 4006 759 4054 Valet.
772 4034 806 4042 —
821 4005 910 4070 Polyb.
922 4008 1036 4072 Execrpt.
1047 4007 1128 4070 Legat.

65 4105 120 4136 rot.
132 4114 165 4124 -
175 4088 277 4152 loseph.
288 4090 324 4135 xt
331 4122 338 4148 ,
352 4104 390 4135 tt.
402 4087 461 4153 -s
473 4091 529 4136 XV.
540 4090 631 4154 Polyb.
643 4091 758 4155 Except.
769 4093 849 4156 begat.
863 4091 920 4139 105.
