2654 4830
281 362 335 431 m
364 359 475 430 Loc.
502 361 595 428 ma
622 360 766 428 van
795 338 1010 432 tritam.
1135 357 1180 430 33

105 498 206 575 patae,
223 483 400 571 Sophenen
417 480 553 562 adjicere
570 498 719 569 cuperet,
734 482 893 571 legatione
909 484 1006 547 missa
1022 484 1183 549 conditio·
1217 501 1219 505 “

105 609 183 650 nem
207 583 369 648 Ariarathi
386 581 524 662 obtulit,
544 597 580 644 ut
599 580 651 644 ille
667 582 937 647 Mithrobarzanem
963 586 1134 664 occiderem
1152 609 1183 649 se

105 690 229 776 parr'ter
243 684 390 772 fratrem
412 680 496 745 illias
523 681 756 770 dnersecturum
776 708 787 746 .·
808 686 855 747 ita
880 685 979 747 dividi
998 687 1079 749 t'nter
1103 689 1183 776 tiosos

108 810 243 877 regnum
255 786 409 873 Sophene.-
416 802 518 871 posse.
531 785 601 847 Hoc
615 786 719 847 scelus
736 801 896 849 aversatus
913 785 1104 873 Cappadox,
1114 809 1182 850 non
1201 798 1204 804 '
1292 831 1298 840 -

109 888 232 969 modo,
243 888 357 976 legatis
371 885 553 972 increpitis,
564 886 725 948 Artaxiam
743 889 887 961 monuit,
897 887 938 948 ab
952 887 1110 966 ejusmodi
1127 912 1184 953 co·

110 988 467 1081 gitationedesisteret3
478 1009 591 1050 verum
605 987 701 1049 etiam
714 987 995 1052 Mithrobuzanem
1008 1012 1074 1052 non
1090 989 1182 1056 dese·

111 1092 197 1169 ruit,
215 1090 408 1179 priusquam
426 1088 460 1151 in
483 1110 534 1150 res
551 1087 682 1150 amissas
699 1110 774 1150 eum
794 1088 984 1152 restitueret.

154 1192 248 1256 XVI.
261 1191 330 1254 Hac
340 1190 424 1252 fama
435 1205 468 1251 et
478 1188 630 1251 societate
640 1210 773 1250 romana
786 1187 998 1273 conspicuus,
1011 1189 1080 1252 sine
1095 1207 1185 1253 metu

114 1291 291 1381 regnabat,
309 1289 414 1353 donec
431 1311 487 1352 rex
501 1289 601 1375 Syriae
620 1288 802 1353 Demetrius
822 1287 1038 1352 adversarium
1057 1292 1086 1353 ei
1102 1293 1186 1355 Oro·

116 1392 276 1480 phernem
285 1390 436 1455 excitavit
448 1413 456 1453 :
471 1391 617 1452 offensus
629 1437 638 1470 ,
653 1389 742 1476 quod
754 1389 788 1451 in
800 1389 934 1478 gratiam
944 1391 1184 1476 Romanorum,

119 1495 172 1583 qui
188 1493 360 1558 Demetrio
377 1493 627 1571 succensebant,
641 1492 840 1572 Ariarathes,
859 1492 977 1557 foedere
990 1492 1075 1556 inter
1089 1496 1186 1582 Syriae

123 1595 396 1686 Cappadociaeque
409 1616 501 1682 reges
515 1592 658 1673 abolito,
672 1592 776 1655 sorori
792 1616 924 1680 quoque
941 1595 1010 1673 ejus
1034 1597 1188 1659 nuntium

125 1699 296 1763 remiserat.
320 1697 378 1759 His
402 1696 571 1774 incensus,
593 1708 625 1756 et
649 1692 734 1756 mille
756 1693 951 1758 talentorum
975 1697 1099 1784 pretio,
1116 1720 1189 1784 quae

130 1800 330 1887 Oropbemes
354 1797 382 1860 ei
407 1795 634 1883 promittebat,
662 1794 815 1880 impetere
842 1796 983 1859 oonsiliis
1009 1812 1042 1859 et
1065 1797 1189 1861 viribus

135 1901 314 1965 Ariarathen
328 1914 485 1962 nonanto
502 1896 640 1976 destitit,
651 1918 748 1982 quam
763 1918 863 1982 regno
879 1896 970 1959 illum
990 1915 1121 1987 cogeret
1137 1921 1191 1962 ex·

137 2003 236 2067 cedere
254 2027 262 2067 :
280 2023 387 2088 neque
405 2000 553 2088 pulsum,
573 2014 606 2061 et
619 1996 820 2084 Cappadocia
841 2000 1038 2086 profugum,
1059 2002 1189 2090 segnius

141 2104 234 2168 Romae
245 2126 304 2193 per
315 2103 437 2191 legatos
450 2101 602 2191 urgebat,
617 2122 759 2186 quorum
774 2102 924 2187 prInceps
939 2101 1099 2166 Miltiades
1116 2104 1189 2169 tuit.

145 2203 266 2269 taram
290 2220 322 2269 et
345 2203 386 2266 ab
409 2203 602 2290 Oropherne
626 2200 720 2288 legati
744 2199 933 2263 Timotheus
959 2216 991 2265 et
1012 2200 1191 2290 Diogenes,

147 2299 249 2369 donum
267 2305 390 2393 populo
413 2322 549 2367 romano
573 2325 726 2367 coronam
752 2325 881 2364 auream
904 2303 1064 2384 ferentes;
1081 2307 1191 2367 amur·

105 2458 108 2471 .
147 2407 261 2494 &nque
284 2408 430 2469 renovari
452 2428 522 2467 curn
548 2425 620 2486 rege
635 2403 807 2490 petebant,
826 2426 899 2490 quoe
914 2403 1036 2491 populo
1058 2427 1190 2468 romano
1215 2394 1225 2401 ”

105 2514 108 2589 ζ
149 2523 200 2567 cam
213 2519 306 2595 patre
326 2507 391 2596 qiu
413 2504 585 2568 Ariarathe
599 2505 727 2588 sur'sset.

105 2594 110 2699 ᾗ
179 2605 274 2670 XVII.
291 2607 332 2671 Hi
347 2628 508 2669 consensu
522 2605 953 2694 oppugnabantAriarathen
965 2657 973 2688 ,
987 2625 1019 2672 et
1037 2610 1192 2696 quoniam

105 2708 112 2799 ἵ,
149 2702 314 2796 despectum
331 2724 363 2772 et
379 2709 511 2795 inopem
528 2707 589 2794 ipsi
607 2707 759 2771 florentes
775 2708 892 2796 opibus
907 2726 939 2772 et
951 2711 1049 2797 gratia
1066 2734 1193 2798 preme·

105 2832 108 2885 3
150 2802 225 2889 hant,
239 2809 327 2898 apud
343 2811 515 2897 plerosque
528 2808 665 2871 divitum
683 2826 714 2872 et
730 2809 920 2897 largitorum
940 2812 1106 2875 calumniae
1121 2813 1194 2900 plus

150 2923 294 2992 poteram,
306 2934 403 2997 quam
418 2911 515 2973 unius
527 2911 633 2973 miseri
646 2930 718 2973 vera
737 2910 893 2974 defensio.
910 2914 1072 2977 Hactenus
1087 2931 1195 2978 tamen

151 3027 226 3075 unsa
238 3013 323 3092 ejus,
335 3026 365 3074 et
381 3011 551 3074 meliorum
564 3033 603 3072 ex
619 3026 732 3073 senatu
748 3013 931 3093 contentio,
943 3014 1096 3101 profecit,
1112 3032 1150 3078 ut
1163 3019 1196 3078 in

149 3128 262 3195 regnum
280 3115 376 3201 recipi
391 3113 571 3191 juberetur,
583 3113 639 3175 sed
652 3135 723 3175 cum
745 3112 923 3199 Oropherne
927 3113 1039 3200 fratre
1056 3117 1195 3180 ὥνιὶίεη·

148 3209 218 3278 dtur.
231 3214 346 3301 Neque
362 3215 449 3277 enim
463 3236 502 3276 eo
514 3229 659 3300 tempore
671 3212 849 3300 quidquam
866 3231 922 3277 aut
938 3216 1058 3303 gratius
1075 3217 1195 3279 Roma·

149 3313 203 3398 uit,
218 3307 281 3380 aiut'
297 3316 445 3379 usitatius
467 3331 550 3395 erat,
570 3337 666 3400 quam
692 3313 768 3377 dare
793 3338 941 3403 operam,
961 3331 998 3378 ut
1021 3339 1195 3404 regnorum

144 3419 293 3505 muntia,
308 3416 433 3504 partitis
443 3417 477 3477 in
487 3416 594 3503 plures
608 3415 743 3502 opibus,
754 3415 959 3479 divideretur.
972 3415 1035 3479 Sed
1046 3440 1112 3480 non
1124 3416 1197 3481 diu·

105 3464 268 3677 btttmum
287 3518 330 3581 ob
346 3519 421 3581 vitia
438 3517 513 3580 novi
529 3516 611 3604 regis
628 3516 876 3580 Incommodum
896 3518 1011 3605 prioris
1029 3519 1098 3581 tuit.
1112 3519 1198 3583 Oro·

124 3618 272 3707 ¹¹'phemos
298 3621 404 3699 enim,
425 3641 528 3705 quum
555 3619 587 3681 In
617 3619 737 3681 recenti
765 3620 969 3705 possessione
991 3618 1117 3683 firmare
1136 3620 1196 3684 sibi

142 3722 277 3789 favorem
292 3721 466 3785 hominum
477 3718 647 3807 prudentia
662 3717 892 3806 beneficiisque
901 3720 1047 3801 deberet,
1065 3722 1132 3808 pari
1149 3722 1200 3785 in·

170 3925 187 3990 s
200 3925 260 3974 xv.
272 3922 352 3971 strab.
363 3922 381 3969 I.
394 3923 441 3968 XI.
458 3948 492 3957 -
508 3919 608 3984 §XVI
626 3919 701 3968 Diod.
719 3921 785 3985 apud
804 3921 914 3968 Fulvium
930 3921 1053 3968 Ursinum.
1065 3947 1100 3957 -
1111 3921 1201 3969 Justin.

136 4008 248 4068 xm,
264 4022 288 4055 t.
298 4032 333 4042 -
343 4007 451 4072 Appiae.
463 4005 556 4070 Syriae.
570 4032 606 4043 ·-
619 4004 672 4053 Liv.
683 4005 748 4069 Epit.
761 4005 850 4052 XLVI.
864 4030 898 4069 7-
913 4002 1001 4067 Polyb.
1013 4004 1066 4061 111,
1077 4003 1102 4050 5.
1117 4028 1152 4041 -
1165 4004 1201 4064 ttj.

135 4095 253 4156 Excerpt.
265 4091 347 4152 tegre
361 4091 418 4137 126.

263 4189 321 4255 IX.
1013 4182 1034 4252 3
