2654 4830
129 294 177 373 do
302 290 369 356 JO.
396 287 739 358 FREINSHEMII
770 292 1015 361 SUPPLEM.

126 411 281 476 discedere
294 412 328 474 in
343 434 439 475 unam
451 428 576 499 partem
589 413 725 493 jubens,
738 415 795 499 qui
805 413 1004 476 dimittendos
1020 391 1188 493 censerent}

126 517 160 578 itt
171 514 340 590 diversam,
356 515 414 599 qui
421 510 488 576 alab
502 516 618 577 ommia.
634 514 685 577 Sic
699 514 739 575 ad
753 534 825 592 cos,
841 514 898 600 qui
908 511 1122 577 absolvendos
1137 536 1190 577 ne·

126 630 296 706 gaverant,
305 615 344 678 iis
356 638 488 703 quoque
500 638 533 678 se
546 614 813 704 adjungentibus,
826 615 881 701 qui
899 614 1046 677 dixerant
1062 615 1096 677 iu
1115 638 1190 703 prae·

126 716 226 780 sentia
249 714 454 796 retinendos,
477 717 530 780 illa
549 718 705 780 sententia
731 739 869 779 numero
889 718 1018 780 vincere
1042 717 1111 780 visa
1135 732 1190 781 est.

126 816 288 882 Iudicium
309 840 348 880 eo
370 834 517 905 tempore
539 819 573 882 L.
593 818 720 882 Lentuli
740 832 869 896 actum,
894 817 949 903 qui
970 817 1086 880 consul
1108 839 1191 880 anno

128 917 296 1004 superiore
318 918 444 981 fuerat:
463 919 554 1006 isque
575 918 745 982 damnatus
762 916 1014 1005 repetundarum
1034 920 1104 1006 lege
1124 921 1190 982 Cae·

127 1017 197 1081 cilia
209 1066 218 1091 ,
231 1018 440 1106 postmodum
455 1034 562 1083 tamen
580 1018 620 1083 ad
637 1041 806 1106 supremos
823 1019 856 1081 in
870 1019 1033 1106 republica
1052 1019 1191 1084 honores

129 1118 288 1183 admissus
306 1136 363 1184 est.

173 1222 327 1286 XXVIII.
342 1224 428 1286 Dum
441 1224 511 1287 haec
526 1225 637 1287 Romae
651 1238 803 1311 aguntur,
820 1222 853 1284 in
867 1221 1021 1308 Hispania
1037 1245 1115 1285 cum
1130 1224 1191 1297 Lu·

128 1323 257 1406 sitanis,
275 1323 358 1388 duee
382 1326 503 1412 punico
525 1323 687 1412 quodam,
705 1347 798 1413 agros
821 1324 983 1387 sociorum
1005 1339 1192 1388 nostrorum

26 1478 37 1487 .
127 1425 385 1507 incursantibus,
406 1427 607 1514 improspere
639 1424 828 1489 dimicatum
852 1441 910 1488 est.
940 1425 1115 1506 Manilius,
1131 1425 1193 1539 gui

127 1547 300 1592 romanum
332 1527 508 1590 exercitum
535 1526 691 1606 ducebat,
714 1525 824 1588 multis
849 1526 972 1588 amissis
1000 1525 1193 1589 retrocessit.

126 1627 317 1694 Melioribus
330 1628 479 1715 auspiciis
496 1629 645 1692 consules
659 1629 691 1690 iu
704 1627 877 1716 Liguribus
892 1643 925 1690 et
938 1627 1093 1691 Dalmatis
1105 1644 1193 1715 gesto

126 1729 231 1810 bello,
250 1729 457 1815 triumphum
477 1744 676 1792 meruerunt.
697 1729 838 1791 Clariora
857 1744 963 1790 tamen
981 1727 1017 1792 P.
1035 1726 1194 1814 Scipionis

127 1847 196 1894 aeta
211 1846 288 1893 suut
299 1878 308 1911 ,
321 1830 394 1917 qui,
405 1831 554 1893 confecto
568 1830 652 1893 bello
665 1829 852 1910 dalmatico,
862 1830 1062 1917 provinciam
1077 1851 1195 1892 novam

127 1931 243 2011 adjecit
252 1931 400 2020 imperio.
413 1932 572 1995 Maximus
586 1930 654 1994 haec
668 1933 776 2020 agenti
792 1930 883 1993 labor
895 1930 977 1993 circa
993 1929 1195 1997 Delminium

127 2033 206 2113 luit,
224 2055 321 2121 quam
340 2034 481 2097 relictam
502 2056 520 2095 a
536 2034 572 2096 C.
592 2033 714 2095 Marcio
733 2054 811 2121 gens
832 2032 1050 2094 Dalmatarum
1070 2032 1196 2095 instau-

127 2150 269 2214 raverat,
279 2150 511 2219 contractoque
522 2156 560 2195 ex
570 2134 660 2194 omni
670 2135 802 2220 regione
813 2131 891 2196 llorc
897 2132 1093 2213 juventutis,
1106 2156 1196 2199 acer·

128 2235 209 2299 rime
228 2257 288 2321 pro
306 2256 342 2296 ca
358 2233 594 2321 propugnabat.
610 2232 705 2295 Unde
718 2234 849 2313 consul,
864 2231 1052 2297 difficultate
1063 2233 1111 2295 rei
1128 2257 1198 2322 pen

129 2350 237 2422 cepta,
249 2334 425 2399 exercitum
440 2332 507 2397 aliis
520 2356 633 2396 eorum
649 2333 775 2423 oppidis
792 2334 963 2397 admovere
980 2334 1094 2421 coepit:
1110 2351 1146 2398 at
1158 2336 1195 2419 ii,

128 2458 270 2526 quorum
283 2457 318 2499 ea
328 2432 449 2521 oppida
460 2451 568 2515 erant,
586 2435 705 2497 omisso
722 2434 875 2497 Delminii
895 2431 1063 2522 praesidio,
1078 2433 1120 2497 ad
1139 2458 1198 2500 sua

127 2540 265 2627 quisque
282 2534 416 2600 tutanda
432 2553 653 2604 accurrerunt.
672 2535 720 2599 lbi
744 2552 814 2599 tum
833 2538 1019 2616 Romanus,
1042 2537 1197 2621 protinus

128 2640 168 2705 ad
186 2639 385 2704 Delminium
403 2639 501 2725 raptis
518 2638 636 2725 copiis,
653 2638 768 2701 urbem
784 2637 893 2724 iuopia
910 2653 1196 2724 propugnatorum

129 2742 327 2806 laborantem
339 2740 424 2803 sacili
434 2740 565 2827 negotio
580 2739 703 2827 redegit
715 2740 745 2802 in
762 2754 966 2826 potestatem.
987 2739 1197 2825 Imperatoris

129 2861 267 2918 nomen,
282 2862 384 2925 quum
398 2839 439 2903 de
453 2862 544 2902 more
557 2863 576 2902 a
590 2840 746 2902 militibus
761 2840 970 2903 acclamatum
984 2855 1085 2921 esset,
1098 2863 1196 2906 rccu-

129 2941 225 3021 savit,
245 2940 378 3027 parique
395 2938 513 3002 deiude
523 2940 688 3004 modestia
705 2940 925 3029 triumphum,
939 2962 956 3002 a
971 2955 1085 3002 senatu
1101 2940 1196 3005 obla·

128 3058 215 3122 tum,
232 3042 284 3103 vix
300 3042 432 3128 accepit.
456 3040 551 3104 Multi
574 3065 613 3105 eo
637 3042 723 3105 bello
743 3044 963 3106 Dalmatarum
985 3042 1069 3127 capti
1094 3060 1196 3124 sunt,

127 3166 210 3232 quos
227 3143 261 3205 in
278 3143 465 3205 servitutem
482 3143 595 3205 consul
612 3142 768 3207 vendidit.
786 3143 1003 3223 Delminium,
1015 3165 1086 3228 quae
1102 3144 1196 3229 prius

127 3246 206 3310 urbs
220 3245 324 3332 ampla
339 3244 461 3326 fuerat,
474 3245 640 3332 exiguam,
653 3244 826 3333 solumque
836 3244 947 3331 pecori
963 3265 1123 3331 pascuum
1142 3268 1196 3309 re·

127 3340 224 3435 degit.

171 3446 295 3510 XXIX.
306 3445 605 3509 Venerunndeinde
621 3469 733 3510 rursus
749 3446 790 3510 ab
809 3447 930 3509 Achaeis
946 3446 1041 3534 legati
1053 3493 1061 3524 ,
1071 3446 1198 3509 anima·

127 3550 167 3613 tis
190 3549 336 3636 priorum
356 3548 530 3630 relatione,
548 3549 605 3636 qui
627 3549 774 3636 proxime
795 3564 943 3635 optatum
967 3546 1065 3611 finem
1087 3546 1197 3615 addu-

160 3795 177 3860 s
194 3796 303 3843 xtvu.
316 3794 371 3842 vil.
381 3796 449 3844 Mau
455 3796 504 3855 VI,
515 3811 544 3857 9,
558 3810 595 3842 ιο.
604 3822 640 3832 -
650 3794 666 3861 S
677 3796 801 3843 XXVIII.
812 3793 918 3858 Appiam
930 3791 1057 3857 Hispanis.
1069 3815 1104 3826 -
1115 3790 1196 3839 Diod.

124 3876 175 3926 Ecl.
186 3879 276 3924 xxx}
283 3912 290 3935 ‚
305 3878 329 3926 5.
338 3905 373 3913 -
382 3879 445 3926 Fasti
460 3878 567 3944 Capitol.
578 3907 613 3916 -
625 3879 712 3943 Polyb.
727 3881 791 3937 ult,
803 3880 826 3926 3.
837 3905 871 3914 -
883 3880 965 3924 Frons.
976 3879 1048 3925 strat.
1059 3875 1110 3933 ΙΙΙ,
1122 3875 1150 3922 6.
1160 3902 1197 3911 -

124 3963 197 4011 Διισι.
211 3961 241 4008 de
251 3961 317 4008 Viris
334 3962 483 4022 illustribus,
499 3979 553 4028 cap.
567 3970 609 4019 lt.
622 3989 657 4000 -
670 3964 756 4012 Zonar.
774 3988 808 3999 -
824 3961 903 4011 Strab.
919 3958 962 4008 lib.
975 3959 1033 4007 vu.
1050 3984 1087 3994 -
1101 3957 1194 4022 Polyb.

125 4046 239 4108 Excerpt.
254 4047 335 4109 legat.
350 4046 407 4094 130.
