2654 4830
206 349 246 393 ια
369 314 811 393 lO.FllE1NSHEMlI
841 321 1090 391 SUPPLEM.

201 443 303 507 tnulta
319 443 490 508 insolentia
506 443 640 524 fecisse,
661 445 755 532 graeci
776 443 947 530 scriptores
964 456 1105 529 arguunt
1119 464 1128 505 ε
1142 464 1220 504 narrt
1240 453 1273 507 et

102 566 104 571 ’
200 547 406 633 rogationem
421 546 462 608 de
470 542 597 630 fluibus
612 547 693 608 mter
704 546 838 634 Argivos
850 544 1098 631 Spartanosqroe,
1119 541 1272 630 Philippo

199 646 380 734 quondam,
404 649 459 734 qui
473 644 699 709 Alexandrum
712 647 839 734 genuit,
860 645 1084 733 disceptatum,
1107 643 1155 706 ad
1167 643 1273 708 Galli·

200 761 318 810 cratem
339 750 495 834 inparem
515 748 704 836 irrvr'sumquc
719 749 780 811 toti
796 748 928 811 Graeciae
943 746 1097 809 homiaem
1112 744 1272 835 rry‘ecr'sse3

200 863 231 912 et
246 846 362 911 AEtolis
377 872 400 910 a
413 847 583 928 Pleuronc,
606 852 663 938 qui
675 851 800 938 scp'rmgi
818 872 840 910 a
861 847 994 911 concilio
1015 847 1147 910 acham
1162 849 1272 936 ratpre-

201 949 295 1027 bant,
311 946 472 1011 uidulsisse
479 995 489 1027 ,
518 963 553 1012 ut
577 972 633 1013 suo
649 953 771 1013 nomine
796 948 913 1037 legatos
939 950 1074 1013 Romam
1101 950 1272 1012 ηιιῖἱεκιιτ.

199 1050 283 1114 Sane
299 1049 426 1113 senatui
440 1050 600 1137 placebat,
617 1051 768 1115 imminui
782 1051 961 1140 potentiam
978 1051 1189 1132 Achaeorum,
1200 1049 1273 1137 spi·

201 1149 349 1236 ritusque
357 1149 462 1237 frangi
475 1172 482 1214 :
493 1167 693 1239 quapropter
703 1168 736 1215 et
744 1152 880 1232 AEtolis,
892 1149 982 1239 quod
991 1151 1173 1238 petierunt,
1188 1172 1275 1213 cou-

201 1272 329 1314 cessum
341 1266 407 1332 est;
418 1267 450 1314 et
460 1254 496 1316 C.
513 1253 673 1341 Sulpicius
685 1254 813 1316 occulto
825 1254 958 1317 Patrum
972 1250 1127 1314 mandato
1141 1272 1273 1314 morem

202 1373 331 1447 gerens,
348 1353 423 1416 alias
439 1376 572 1440 quoque
588 1354 749 1435 civitates,
763 1377 836 1442 quae
849 1354 985 1419 achaicae
1001 1353 1148 1416 formulae
1159 1367 1274 1435 erant,

203 1452 244 1516 ab
261 1474 301 1517 eo
323 1453 442 1518 foedere
460 1454 631 1519 dissociare
648 1456 788 1519 instituit
807 1479 815 1520 ε
832 1478 939 1543 neque
962 1454 1090 1517 minore
1114 1451 1274 1540 deinceps

202 1553 374 1618 acerbitate
391 1570 543 1619 tractatus
556 1572 605 1619 est
616 1557 798 1638 Eumenes,
813 1579 916 1643 quum
933 1555 1018 1619 idem
1037 1554 1090 1618 ille
1106 1553 1275 1640 C.·Sulpi-

203 1654 273 1718 rius
288 1656 321 1719 in
335 1656 445 1721 Asiam
457 1657 691 1737 transjecisset:
707 1680 766 1746 per
779 1657 1003 1722 celeberrimas
1019 1656 1105 1720 enim
1117 1654 1201 1719 Asiae
1214 1677 1277 1733 ur·

204 1755 261 1820 bes
272 1756 377 1821 edicta
390 1758 512 1847 legatus
528 1760 716 1848 proposuit,
732 1760 891 1848 atquibus
906 1759 1095 1822 delimatam
1109 1757 1200 1845 queri
1213 1756 1276 1820 de-

202 1872 321 1923 cretum
335 1873 425 1940 esset,
442 1859 526 1922 dicto
540 1860 591 1924 die
604 1861 713 1925 Sardis
730 1874 932 1925 occurrerent.
948 1859 1026 1941 Quo
1041 1856 1098 1921 ubi
1113 1856 1277 1938 venisset,

204 1959 312 2046 posito
329 1959 416 2047 apud
431 1962 635 2049 gymnasium
652 1963 823 2043 tribunali,
838 1960 1044 2026 decenduum
1058 1958 1200 2023 solidum
1216 1983 1279 2023 au-

205 2057 331 2123 diendis
347 2059 498 2125 adversus
515 2084 624 2151 regem
641 2064 780 2150 querelis
795 2063 940 2127 vacarit:
959 2061 1103 2126 convicia
1123 2061 1157 2123 in
1176 2060 1275 2125 illurn

205 2161 389 2250 probraque
404 2179 471 2226 tam
486 2163 578 2256 aride
594 2165 789 2252 suspiciens,
803 2179 841 2229 ut
853 2162 990 2227 invitare
1004 2175 1223 2242 accusatores,
1239 2179 1277 2225 et

206 2262 366 2327 desiderio
380 2287 473 2329 reum
491 2264 633 2329 faciundi
645 2264 804 2351 quidlibet
819 2265 852 2327 in
864 2264 987 2328 crimen
1003 2261 1129 2325 trahere
1144 2260 1277 2325 videre·

206 2380 276 2445 tur3
288 2388 391 2429 vanus
406 2366 556 2454 ingenio,
574 2382 607 2429 ct
623 2387 661 2428 ex
677 2366 769 2430 claris
783 2365 960 2430 inimicitiis
979 2362 1155 2428 constantis
1167 2363 1276 2427 aninti

206 2466 324 2528 famam
343 2481 508 2555 appetens.

251 2564 342 2631 XXI.
352 2567 464 2648 Quum
475 2568 528 2632 hic
537 2570 737 2634 asiaticarum
748 2586 966 2635 rerumstatus
978 2570 1117 2651 esset,in
1126 2567 1275 2656 AEgypto

208 2667 371 2732 Ptolemaei
392 2670 504 2733 fratres
520 2671 638 2735 iterum
653 2672 856 2736 emulatione
871 2687 903 2735 et
921 2669 1088 2735 discordiis
1105 2690 1275 2733 exarsere:

205 2770 341 2835 validior
358 2788 428 2836 tum
448 2773 586 2852 junioris
611 2773 723 2848 faedo,
741 2773 1008 2845 Philometorem‚
1031 2791 1214 2859 cognomen
1240 2768 1275 2832 id

207 2871 321 2951 majori
341 2874 421 2955 fuit,
443 2899 543 2964 regno
564 2876 715 2962 pulsum,
732 2873 774 2938 ad
789 2871 962 2963 petendam
985 2872 1025 2935 ab
1044 2886 1158 2934 senatu
1174 2893 1274 2958 opem

207 2976 345 3038 llomam
360 2978 568 3066 compulerat.
590 2977 703 3041 Paucis
723 2977 894 3041 comitatus
910 2974 1025 3054 servis,
1041 2996 1081 3036 ex
1104 2973 1276 3060 praeseutis

205 3075 346 3140 fortunae
357 3080 507 3165 squalore
516 3079 613 3167 pedes
624 3078 665 3142 ad
677 3079 800 3142 Urbem
813 3077 948 3142 faciebat
960 3075 1032 3157 iter,
1044 3097 1148 3162 quum
1158 3073 1276 3138 Deme·

181 3210 183 3214 Α
207 3177 287 3240 trias
303 3178 428 3242 Seleuci
442 3180 499 3260 F.,
515 3181 570 3268 qui
588 3180 681 3243 obses
698 3181 796 3267 Syriae
813 3202 927 3267 regum
940 3179 1050 3241 Romae
1066 3174 1221 3255 baerebat,
1238 3197 1275 3238 re

206 3281 352 3367 cognita,
369 3280 497 3344 obviam
521 3281 686 3369 profectus
703 3296 767 3361 est,
789 3279 1008 3365 familiamque
1026 3298 1117 3340 suam
1142 3290 1175 3338 et
1195 3296 1274 3337 cum

205 3380 385 3444 dimlemate
398 3405 434 3446 ac
446 3399 534 3446 veste
546 3383 632 3472 regia
646 3404 768 3468 equum
782 3380 898 3444 eximie
911 3393 1062 3442 ornatum
1080 3374 1214 3450 obtulit,
1231 3397 1276 3437 ne

205 3481 267 3544 loci
283 3482 333 3544 sui
348 3483 545 3562 majestatem
559 3482 691 3546 sordido
705 3483 795 3546 cultu
810 3479 991 3568 prodidisse
1003 3479 1107 3558 visus,
1118 3500 1137 3539 a
1150 3478 1275 3539 Roma·

207 3582 256 3645 nis
275 3581 440 3670 despectui
465 3583 646 3647 haberetur.
663 3586 705 3647 At
723 3583 776 3646 ille
799 3580 955 3645 Demetrii
973 3580 1125 3644 comitate
1147 3578 1276 3664 prolixe

206 3683 349 3764 laudata,
370 3685 499 3748 illorum
524 3685 645 3773 accepit
665 3685 765 3765 nibil,
787 3683 976 3772 rogavitque
997 3679 1217 3757 Demetrium,
1237 3693 1276 3740 ut

205 3786 323 3848 alicubi
346 3786 523 3851 subsistens
542 3788 576 3850 in
591 3788 664 3870 via,
682 3809 716 3850 se
732 3809 799 3874 quo
820 3784 1011 3848 instituisset
1026 3780 1126 3845 modo
1145 3778 1274 3868 ingredi

206 3886 326 3948 Urbem
345 3903 519 3974 pateretur.
540 3887 578 3951 ld
595 3888 661 3951 sive
680 3884 908 3951 misericordiae
929 3883 1096 3950 movendae
1115 3905 1210 3946 causa
1228 3883 1277 3946 fe.-

176 4049 185 4067 l
240 4091 255 4154 5
271 4094 328 4139 xx.
343 4094 444 4140 Paussn.
455 4093 497 4141 lib.
510 4096 534 4141 ΙΙ
548 4105 572 4141 et
585 4096 642 4142 Vll.
655 4119 688 4129 -
703 4091 790 4157 Polyb.
804 4088 870 4155 apud
882 4089 963 4138 Valet.
