2654 4830
294 326 350 394 IN
378 325 493 393 LOC.
520 327 612 394 LIB.
639 330 786 398 XLVII
813 332 1032 402 LIVIANI.
1151 336 1199 420 43

127 447 238 533 sisque
247 445 468 522 cioauicibus‚
478 446 555 511 dolo
564 448 669 512 fratris
680 472 715 513 se
730 450 869 538 petitum
880 452 1003 540 arguit,
1016 453 1118 517 multa
1131 471 1200 522 arto

125 547 238 611 Patres
253 546 297 610 ad
316 549 632 612 commiserationem
653 572 719 616 aute
742 551 854 632 sortis,
867 566 901 614 et
918 549 1031 614 odium
1050 552 1199 620 fraterna

125 648 326 714 crudelitatis
339 649 484 715 illiciens.
496 651 610 738 Neque
619 651 707 740 apud
717 668 891 741 occupatos
899 654 1025 717 animos
1035 652 1198 721 Neolaide

125 766 158 816 et
172 751 394 815 Andromachi
411 750 468 838 (hi
482 752 523 815 ab
539 752 660 832 majore
675 754 849 817 Ptolemaeo
864 755 959 844 legati
975 755 1122 842 aderant)
1140 757 1198 822 de·

124 855 232 918 lensio
248 854 391 934 valebat3
407 877 550 942 quorum
567 872 698 919 senatus
715 879 757 919 ne
772 857 870 920 verba
885 857 1017 944 quidem
1040 857 1082 921 ad
1104 882 1198 925 aures

125 955 308 1021 sustinebat
320 953 500 1019 admittere.
516 956 575 1020 llis
589 957 691 1046 igitur
704 957 862 1020 continuo
879 981 919 1021 ex
934 957 1022 1020 Urbe
1035 957 1116 1037 jussi
1130 958 1199 1023 dis·

125 1058 260 1139 cedere,
286 1059 380 1148 legati
409 1059 555 1147 quinque
588 1058 710 1122 decreti
744 1074 842 1141 sunt;
865 1082 1007 1146 quorum
1037 1060 1198 1147 principes

125 1162 188 1224 Cn.
207 1161 352 1240 Merula,
369 1162 404 1224 L.
422 1160 585 1224 Thermus
601 1161 715 1224 fuere:
737 1158 873 1224 totidem
893 1161 931 1223 iis
947 1159 1082 1223 decretae
1100 1161 1198 1248 quin·

124 1284 314 1350 queremes,
334 1261 473 1350 dataque
492 1261 657 1344 mandata,
681 1263 729 1325 uti
747 1262 958 1325 Ptolemaeum
978 1263 1011 1323 in
1029 1263 1129 1350 Cypri
1145 1285 1200 1325 re-

124 1385 228 1453 gnum
243 1361 453 1428 deducerent.
466 1364 629 1451 Scriptum
646 1365 743 1428 etiam
755 1364 864 1452 graecis
883 1379 916 1427 et
930 1363 1067 1427 asiaticis
1082 1366 1196 1447 sociis,

123 1464 207 1527 11ϋηῖ
221 1475 338 1528 contra
362 1465 558 1529 vohmtatem
575 1479 700 1528 senatus
718 1463 895 1551 facturos,
915 1467 944 1527 si
962 1487 998 1527 eo
1017 1466 1049 1527 in
1070 1469 1197 1552 negotio

122 1568 276 1629 minorem
291 1565 496 1629 Ptolemaeum
510 1565 705 1654 atq'uvissent.
720 1568 880 1630 Caeterum
896 1581 1030 1629 eventus
1047 1566 1121 1630 belli
1136 1590 1196 1654 pro

121 1667 249 1747 majore
261 1665 435 1729 Ptolemaeo
449 1666 532 1729 fuit:
548 1667 605 1753 qui
620 1668 652 1728 in
669 1669 814 1754 Cyprum
830 1689 1038 1756 magnorum
1053 1669 1198 1733 exercitu

121 1767 280 1848 veniens,
296 1768 403 1856 primo
420 1766 593 1848 Archiam,
612 1769 934 1854 praefectum-suum,
953 1769 1010 1856 qui
1029 1769 1196 1832 Demetrio

121 1869 265 1932 insulam
282 1868 421 1958 prodere
434 1868 600 1946 voluerat,
619 1869 760 1945 honores
774 1869 862 1956 apud
883 1871 990 1957 ipsum
1010 1870 1146 1934 eximios
1164 1886 1196 1934 et

122 1971 305 2059 quingenta
319 1970 454 2058 insuper
467 1970 735 2058 talentapactus,
750 1972 889 2036 amovit:
906 1971 1024 2036 deinde
1040 1995 1116 2036 cum
1132 1974 1197 2036 fra·

121 2088 190 2155 tre,
201 2074 260 2160 qui
271 2074 450 2136 multorum
461 2072 638 2135 instructus
649 2073 774 2135 auxiliis
786 2087 988 2153 occurrerat,
999 2072 1110 2160 praelio
1122 2095 1197 2137 con·

120 2197 273 2264 gressus,
292 2175 414 2238 rictum
434 2175 467 2236 in
485 2173 601 2237 urbem
619 2174 786 2261 Lapitham
808 2175 991 2262 compulit:
1010 2176 1196 2239 necessitate

122 2275 245 2341 deiude
261 2275 302 2339 ad
319 2275 520 2339 deditionem
536 2291 703 2356 coactum,
722 2299 789 2339 non
810 2276 911 2340 modo
923 2275 1053 2339 <dimisit
1068 2277 1195 2341 incolu-

121 2401 212 2442 mem
222 2426 231 2459 ,
242 2377 300 2441 sed
313 2378 409 2441 etiam
420 2377 543 2465 Libyen
552 2379 759 2465 Cyrenesque
770 2399 907 2466 regnum
921 2375 1062 2440 reddidit
1073 2376 1102 2440 ei
1114 2399 1122 2440 :
1134 2398 1195 2463 pro

121 2481 234 2568 Cypro
247 2479 346 2543 urbes
359 2476 531 2565 quasdam,
544 2495 577 2540 et
593 2479 748 2544 frumenti
765 2480 865 2541 annui
881 2495 1007 2542 certum
1023 2478 1196 2567 assignavit

121 2581 279 2662 modum,
292 2581 389 2643 etiam
407 2579 477 2642 filiae
493 2602 558 2642 suae
573 2581 816 2644 matrimonium
833 2581 1005 2669 pollicitus.
1024 2583 1105 2661 Quae
1120 2602 1195 2667 par·

122 2684 181 2747 tim
199 2683 322 2770 ingenii
342 2682 593 2745 mansuetudine
612 2682 725 2746 fecisse
747 2682 906 2763 creditus,
922 2682 1052 2747 laudem
1071 2681 1196 2747 invenit

121 2783 213 2872 apud
228 2785 401 2870 scriptores
414 2807 422 2862 ;
434 2783 573 2870 partim,
590 2801 627 2847 ut
643 2801 778 2871 putant,
793 2786 868 2871 quia
885 2786 1049 2847 Romanos
1067 2798 1193 2846 metue-

121 2885 197 2966 bat,
209 2886 235 2947 si
248 2883 329 2971 quid
343 2884 377 2946 in
388 2884 534 2966 fratrem,
551 2906 649 2971 quem
666 2884 879 2973 protegebant
891 2884 954 2963 illi,
969 2884 1110 2947 severius
1127 2899 1193 2946 sta·

121 3003 241 3050 tueret.
263 2988 313 3049 Ita
329 2985 517 3072 compositis
534 2987 783 3073 aegyptiacorum
807 3006 921 3073 rogum
945 2983 1193 3063 controversiis,

118 3091 232 3154 Asiam
247 3088 354 3152 adhuc
366 3087 478 3151 ardere
490 3087 575 3150 bello
586 3135 595 3167 ,
606 3087 792 3173 Prusiaeque
805 3086 931 3166 injuriis
943 3085 1039 3148 Attali
1054 3107 1192 3174 reguum

118 3191 297 3270 devastari,
307 3191 425 3253 reversi
436 3191 593 3278 Pergamo
604 3189 699 3278 legati
710 3188 950 3253 renuntiabant.
967 3188 1097 3275 Quippe
1109 3188 1192 3250 Pru-

118 3294 203 3372 sias,
222 3315 338 3379 parum
356 3315 396 3355 eo
414 3292 559 3372 territus,
577 3290 666 3379 quod
684 3313 734 3354 res
750 3291 847 3354 Attali
861 3290 986 3353 senatui
1001 3288 1190 3376 populoque

118 3416 261 3458 romano
273 3393 363 3456 cordi
380 3417 448 3457 esse
463 3393 630 3474 audiebat,
645 3393 728 3456 nibil
743 3392 784 3456 ad
802 3391 1011 3456 evertendum
1029 3414 1105 3454 eum
1122 3391 1191 3453 vio-

117 3495 230 3558 lentiae
242 3493 444 3580 fraudisque,
462 3494 542 3556 nihil
557 3493 598 3557 ad
615 3493 855 3582 despiciendam
872 3510 1003 3558 senatus
1016 3492 1191 3557 auctorita·

118 3611 190 3660 tem
207 3596 478 3658 contumeliarum
495 3596 610 3682 reliqui
628 3595 758 3659 fecerat.

165 3697 323 3762 XXXIII.
342 3699 453 3779 Quum
473 3697 560 3760 enim
579 3721 599 3759 a
618 3700 654 3762 L.
677 3697 853 3760 Hortensio
870 3696 1057 3781 caeterisque
1079 3693 1190 3780 legatis

156 3911 174 3976 s
188 3914 298 3960 mn.
314 3912 405 3959 Athen.
418 3913 462 3960 lib.
474 3915 532 3961 ΧΠ.
542 3938 577 3948 —-
586 3912 674 3978 Polyb.
686 3915 799 3976 Excerpt.
810 3914 868 3973 Leg.
883 3912 929 3957 132
943 3921 968 3958 et
981 3910 1037 3957 133.
1052 3935 1088 3945 ·-
1100 3907 1189 3972 Polyb.

119 3995 191 4059 apud
199 3997 281 4045 Viles.
291 4023 325 4032 —
334 3996 421 4043 Suidas
434 3997 461 4043 in
473 3997 536 4044 Ptol.
546 4022 580 4033 —
591 3996 679 4044 Euseb.
691 3996 784 4044 Cbron.
794 4011 828 4059 gr.
839 4010 895 4059 pag.
907 3995 947 4050 54.
961 4019 998 4031 --
1012 3993 1116 4042 Diodor.
1125 3990 1190 4057 apud
1222 4021 1226 4031 .

119 4079 205 4128 Valet.
221 4106 256 4117 —
268 4081 321 4129 Liv.
336 4081 400 4145 Epit.
415 4107 451 4118 «-
466 4083 553 4130 huet.
567 4108 603 4118 -
617 4082 682 4130 Just.
696 4107 732 4117 -
745 4079 818 4129 Pmb.
829 4079 918 4136 XXX,
929 4093 952 4128 c.
963 4078 1004 4127 33.
